4530 6076
465 787 488 859 6
945 794 1061 857 VITA
1083 795 1148 857 ΕΤ
1172 792 1299 858 Mons

456 1028 659 1092 tornantem
670 1023 819 1094 sublime
831 1023 960 1095 horum
972 1026 1171 1095 studiorum
1183 1023 1368 1118 fastigium
1381 1026 1592 1109 conscendit,
1605 1034 1792 1097 utexcon·

455 1180 635 1273 discipulis
652 1187 755 1274 pauci
773 1207 854 1255 eum
871 1187 1032 1268 assecuti,
1048 1208 1152 1257 nemo
1168 1188 1343 1257 anteierit.
1400 1186 1583 1277 eompleto
1599 1187 1665 1261 boc
1681 1188 1793 1257 cruri·

457 1345 545 1426 culo,
563 1345 608 1415 ob
620 1348 750 1417 eximia
765 1371 847 1439 quae
863 1350 901 1418 in
920 1371 962 1419 eo
977 1358 1123 1439 patuere
1135 1349 1238 1432 dona,
1255 1351 1293 1420 in
1304 1348 1540 1440 professorum
1555 1346 1793 1439 Philosophiae

456 1527 643 1577 numerum
668 1511 801 1579 relatus
827 1519 903 1580 est:
932 1509 999 1581 hac
1023 1520 1141 1581 autem
1169 1510 1381 1603 praefectura
1409 1512 1552 1606 egregia
1580 1531 1660 1579 cum
1690 1511 1793 1592 laude

456 1670 688 1758 quadriennio
704 1669 909 1760 perfunctis,
925 1679 1027 1741 tante
1042 1672 1218 1742 industria
1229 1674 1381 1755 ornavit,
1391 1674 1522 1764 pietate
1534 1672 1738 1753 illustravlt,
1751 1678 1793 1740 ut

457 1851 500 1898 ex
517 1831 594 1923 ejus
611 1832 752 1925 collegis
769 1854 872 1901 nemo
888 1855 970 1903 eum
983 1834 1188 1926 aequaverit

506 1992 614 2062 Anno
641 1996 746 2064 1583.
798 1994 949 2065 Senatrrs
982 1994 1260 2090 Edinburgenus
1285 1998 1328 2066 de
1356 1997 1524 2090 erigenda
1550 1995 1791 2068 somonam

454 2155 688 2225 Aesonium
739 2157 894 2250 cogitare
935 2158 1051 2249 coepit,
1097 2158 1204 2250 idque
1246 2167 1418 2252 suggestu
1460 2159 1528 2227 viri
1570 2159 1790 2250 integerrimi

458 2316 607 2387 Jacoer
653 2315 856 2386 Laocoon
890 2317 1049 2388 Pastoris
1088 2317 1358 2413 Edinburgeni:
1405 2321 1573 2414 cogitatio
1604 2321 1682 2390 haec
1711 2321 1793 2391 hinc

457 2477 617 2558 conflata,
642 2478 738 2567 quod
764 2478 866 2570 regni
891 2476 1100 2567 Metropolis
1124 2487 1226 2560 esset,
1252 2479 1617 2573 animadverteretque
1643 2482 1793 2553 Senauu

458 2660 530 2707 non
559 2639 634 2708 sine
660 2638 803 2720 civium,
828 2660 909 2708 cum
936 2638 1109 2720 molestia,
1134 2646 1213 2708 tum
1239 2639 1419 2730 impendio
1454 2662 1540 2721 esse,
1565 2641 1693 2712 liberos
1718 2642 1795 2712 An-

457 2801 638 2891 dreapolin
664 2812 728 2872 aut
756 2802 842 2872 alias
870 2802 971 2894 regni
1004 2808 1122 2892 partes
1152 2801 1361 2872 erudiendos
1396 2802 1568 2896 ablegare,
1602 2823 1666 2876 nec
1694 2804 1795 2896 igno·

458 2973 552 3036 raret
582 2968 779 3056 complures
808 2965 979 3037 tenuioris
1006 2965 1113 3035 sortis
1148 2965 1199 3036 sic
1224 2965 1391 3058 angustia
1423 2966 1474 3035 rei
1500 2963 1685 3037 familiaris
1714 2989 1795 3038 con·

459 3127 609 3206 strictos,
627 3136 668 3194 ut
685 3136 848 3216 sumptus
865 3127 949 3198 alibi
966 3149 1074 3218 quam
1092 3125 1294 3220 Edinburgi
1311 3127 1500 3197 educandis
1512 3126 1632 3198 liberis
1645 3130 1794 3199 tolerare

459 3286 656 3376 nequirent,
673 3308 714 3355 ac
733 3286 880 3376 proinde
894 3295 1033 3382 errectos
1052 3289 1246 3379 plerunque
1263 3288 1430 3359 sublimia
1449 3289 1593 3383 ingenia
1608 3292 1794 3362 servilibus

458 3449 594 3519 artibus
611 3450 820 3539 mancipare.
860 3445 932 3517 Ubi
945 3447 1124 3519 decretum
1138 3449 1342 3542 erigendam
1355 3447 1595 3532 Academiam,
1605 3463 1683 3523 tum
1697 3458 1796 3525 venit

461 3611 497 3679 in
519 3608 815 3690 deliberationem,
835 3611 999 3700 quisnam
1023 3611 1100 3703 ejus
1125 3608 1371 3701 praefecturam
1396 3610 1541 3712 subiret,
1566 3613 1667 3706 cujus
1688 3615 1795 3683 salvis

459 3771 636 3862 ampiciis,
653 3772 849 3852 exordium,
866 3772 1092 3852 incrementa,
1109 3770 1292 3865 fastigium
1310 3780 1458 3864 caperet
1498 3771 1637 3843 Placuit
1652 3773 1796 3846 tandem

391 3995 397 4000 .
460 3957 573 4007 unum
590 3943 653 4004 aut
669 3936 820 4004 alterum
837 3932 1081 4025 Andreapolin
1097 3900 1348 4016 committere,
1367 3935 1430 4026 qui
1453 3935 1614 4030 diligenti
1630 3937 1796 4031 indagine

459 4099 721 4169 sciscitarentur
736 4098 900 4190 quisnam
920 4095 1005 4165 huic
1021 4096 1119 4185 operi
1142 4095 1305 4187 apprime
1326 4096 1473 4168 idoneus
1495 4108 1610 4170 esset:
1634 4100 1796 4169 concordi

461 4259 637 4328 nniversae
653 4258 857 4329 Academiae
874 4258 1045 4352 suffragio
1061 4260 1227 4331 neminen
1248 4267 1323 4330 tam
1340 4261 1385 4330 ad
1401 4261 1620 4351 provinciam
1636 4258 1728 4329 hanc
1743 4262 1797 4330 in·

463 4423 637 4488 mucium
654 4437 695 4484 ae
711 4416 946 4486 &aaaron
964 4417 1198 4488 Ronnocuor
1220 4417 1372 4498 discunt,
1391 4418 1486 4508 quod
1507 4427 1544 4487 et
1562 4416 1607 4485 ad
1629 4415 1798 4492 Senatum
