4530 6076
824 772 1036 837 ROBERTI
1060 773 1278 837 ROLLOCI.
1684 779 1733 846 35

382 1026 456 1075 non
472 1014 591 1095 posset
606 1006 706 1076 labor
722 1004 934 1096 improbus?
952 1004 1092 1076 Exacto
1108 1006 1275 1076 curriculi
1291 1003 1525 1096 philosophici
1541 1003 1729 1096 quadrien·

381 1169 454 1249 nio,
488 1176 569 1258 post
604 1176 805 1247 acorratarn
842 1168 1067 1262 singulorum
1104 1168 1414 1248 examinationem,
1450 1167 1584 1247 laurea,
1622 1185 1730 1255 quam

381 1330 623 1423 magistralem
650 1339 789 1411 vocant,
815 1351 874 1400 eos
899 1330 1058 1413 donavit,
1083 1331 1145 1400 sed
1171 1330 1271 1421 prius
1302 1350 1442 1399 summa
1466 1328 1645 1422 gravitate
1669 1326 1731 1395 ad·

380 1492 534 1562 monitos
560 1488 664 1563 officii
689 1493 756 1562 sui.
808 1491 955 1563 Monuit
980 1514 1039 1562 eos
1066 1502 1201 1583 quanta
1230 1492 1416 1586 diligentia
1444 1498 1481 1561 et
1505 1488 1728 1560 solicitudine

382 1675 506 1725 eorum
523 1653 616 1724 bono
633 1651 867 1749 invigilasset,
883 1655 991 1748 quim
1015 1657 1107 1725 serio
1130 1675 1269 1746 semper
1291 1676 1415 1724 eorum
1436 1653 1574 1723 animos
1591 1672 1729 1744 praepa·

378 1814 493 1888 risset
509 1820 555 1887 ad
571 1820 720 1889 alteram
731 1819 831 1888 illam
848 1821 961 1889 vitam
976 1840 1018 1888 ac
1031 1793 1280 1900 immortalem,
1293 1819 1339 1887 ad
1351 1838 1463 1909 quam
1475 1815 1639 1886 hortatus
1652 1823 1729 1883 erat

378 1991 420 2051 ut
445 1981 531 2051 vitae
560 1980 669 2074 hujus
702 1982 888 2072 praesentis
917 2002 958 2050 ac
984 1981 1155 2070 periturae
1184 2001 1307 2049 omnes
1335 1979 1581 2072 cogitationes,
1605 1978 1726 2047 omnia

377 2144 497 2213 studia
513 2144 619 2212 etiam
636 2143 859 2224 humaniora,
873 2164 994 2212 omncs
1012 2144 1166 2212 actiones
1183 2142 1401 2271 dirigerent:
1426 2139 1536 2233 quhm
1556 2135 1651 2210 scrid
1667 2141 1727 2209 de·

375 2305 469 2376 derit
484 2325 628 2394 operam
645 2314 687 2375 ut
706 2305 783 2398 ejus
801 2305 888 2375 vitae
904 2326 1011 2375 sensu
1030 2306 1151 2396 aliquo
1172 2305 1288 2398 magis
1309 2304 1495 2398 magisque
1517 2304 1631 2373 indies
1651 2302 1725 2372 affi-

376 2475 550 2550 cerentur,
567 2477 667 2538 uteo
690 2468 793 2558 quasi
816 2476 928 2561 gustu
944 2467 1079 2538 futurae
1103 2467 1241 2538 laetitiae
1261 2489 1303 2537 ac
1319 2468 1444 2561 gloriae
1461 2467 1576 2536 allecti
1592 2466 1726 2535 deside·

304 2729 308 2738 ι
374 2641 496 2702 rorent
508 2633 607 2702 illam
615 2632 1146 2725 plenitudinemgaudiorum,et
1155 2632 1607 2724 stupirantasexpectarent
1615 2630 1724 2722 adop-

372 2796 506 2866 tionem
532 2803 570 2865 et
593 2795 871 2887 redemptionem
897 2795 1053 2886 eorporis
1078 2794 1145 2865 sui.
1197 2792 1478 2864 Commendabat
1504 2792 1648 2882 quidem
1675 2794 1719 2862 iis

371 2967 476 3039 artes,
487 2958 662 3038 scientias,
672 2957 940 3028 exercitationes
952 2977 1181 3048 quascunque
1190 2977 1273 3047 quae
1283 2962 1368 3027 sunt
1381 2954 1488 3025 etiarn
1502 2953 1613 3048 hujus
1622 2957 1719 3038 vitae,

371 3119 643 3212 postulabatque
662 3128 705 3189 ut
726 3080 993 3211 ‹inamprimdm
1013 3119 1285 3212 ingrederentur
1307 3128 1443 3189 certum
1470 3119 1614 3211 aliquod
1631 3121 1717 3191 vitae

368 3303 482 3376 genus
495 3281 684 3352 honestum
696 3303 738 3352 ac
749 3280 936 3364 laudabile,
948 3282 988 3352 in
1000 3303 1073 3373 quo
1085 3283 1143 3351 vel
1159 3279 1340 3364 Ecclesiae,
1353 3283 1410 3351 vel
1427 3281 1631 3372 reipublicae
1643 3283 1716 3352 usi·

368 3444 436 3516 bus
448 3445 679 3527 inservirent3
696 3446 758 3517 sed
768 3446 822 3515 ita
833 3466 972 3537 semper
984 3452 1027 3515 ut
1039 3445 1267 3515 meminerint
1276 3445 1528 3516 admonitionis
1541 3444 1716 3528 Paulina,

367 3614 411 3677 ut
426 3607 512 3698 quia
528 3615 669 3698 tempus
685 3615 907 3679 contractum
923 3615 978 3679 cst
994 3607 1229 3700 imposterum
1245 3615 1433 3679 uterentur
1444 3608 1512 3680 boc
1524 3609 1659 3679 mundo
1672 3619 1714 3680 ut
1742 3572 1744 3578 Ι

365 3792 440 3841 non
454 3771 651 3854 abutentes,
667 3793 740 3863 qua
754 3773 917 3864 permisit
938 3773 1083 3864 quidem
1107 3770 1242 3844 Paulus
1261 3773 1545 3864 procurationem
1562 3773 1715 3844 istorum

364 3932 525 4002 omnium
542 3955 625 4022 quae
641 3934 687 4004 ad
703 3943 916 4023 praesentem
929 3935 1041 4004 vitam
1054 3935 1246 4024 pertinent,
1258 3936 1320 4005 sed
1330 3936 1382 4004 ita
1394 3942 1515 4006 tamen
1527 3943 1569 4004 ut
1578 3931 1713 4003 inter-ed

364 4093 453 4163 dum
468 4093 525 4164 his
542 4104 790 4166 exercerentur
806 4103 977 4182 πουτιιμα
987 4118 1093 4166 suum
1104 4095 1277 4166 baberent
1294 4097 1334 4166 in
1347 4096 1455 4178 ecelis,
1466 4095 1535 4167 boc
1546 4103 1612 4178 cst,
1624 4096 1712 4166 dum

365 4276 514 4347 corpora
536 4269 725 4327 versantur
748 4257 842 4327 cirea
865 4279 918 4339 ca,
943 4257 1055 4326 animi
1078 4256 1214 4327 interea
1234 4257 1275 4327 in
1297 4257 1394 4328 ooelis
1419 4258 1503 4342 sint,
1527 4259 1709 4329 intuentes

363 4417 491 4505 Deum,
514 4423 592 4514 ejus
612 4422 833 4500 voluntatem
857 4430 893 4493 et
917 4421 1080 4516 gloriam,
1105 4429 1142 4492 et
1166 4429 1391 4514 expectantes
1406 4424 1495 4515 inde
1520 4433 1712 4497 venturum
