4530 6076
762 833 975 899 ROBERTI
999 831 1216 897 ROLLOCI.
1613 836 1660 901 25

313 1063 603 1136 amoenissimus?
621 1062 795 1160 Ejusdem
812 1067 882 1137 diei
899 1087 1056 1158 vespera,
1069 1062 1258 1155 Experior,
1270 1062 1399 1152 inquit,
1412 1061 1503 1130 sexti
1518 1059 1652 1131 Psalmi

314 1232 512 1314 veritatem,
529 1251 570 1301 ac
585 1233 706 1323 aliqua
720 1233 798 1326 ejus
815 1233 1105 1311 verberecenset
1134 1227 1298 1299 Gratiam
1314 1227 1371 1296 fac
1386 1227 1487 1310 mihi,
1504 1225 1528 1295 J
1529 1227 1655 1309 ehova,'

315 1397 402 1487 quia
416 1396 587 1488 languore
603 1416 746 1485 pressus
762 1413 867 1466 sum:
884 1418 970 1466 cura
985 1417 1053 1479 me,
1065 1394 1090 1464 J
1091 1395 1215 1477 ehove,
1237 1395 1323 1488 quia
1341 1393 1552 1463 contrubsta
1568 1404 1653 1464 sunt

314 1582 395 1631 ossa
410 1582 500 1644 mea,
517 1569 581 1631 ete.
633 1559 824 1655 Interjecte
839 1562 978 1632 modica
999 1583 1121 1654 pausa,
1138 1582 1336 1632 sermonem
1352 1562 1470 1640 iterat,
1487 1557 1652 1629 Christus

312 1724 469 1816 portabit
480 1725 612 1820 jugum
625 1744 756 1810 meum,
773 1735 809 1798 et
826 1749 891 1821 ego
907 1729 985 1821 ejus
1001 1729 1120 1822 gretia
1134 1727 1248 1799 fultus
1260 1749 1399 1820 sequar.
1433 1725 1525 1796 Cum
1539 1725 1654 1797 morbi

314 1889 504 1964 acerbitate
545 1894 704 1984 torqueri
744 1916 827 1965 eum
869 1895 1192 1965 animadverterent
1232 1902 1400 1974 astantes,
1441 1892 1655 1983 lachrymas·

315 2057 479 2147 planctus
503 2079 545 2129 ac
560 2059 740 2152 singultus
757 2059 886 2140 cieunt,
908 2080 997 2149 quos
1019 2056 1079 2128 ille
1103 2059 1285 2149 increpat:
1311 2056 1368 2127 Ne
1390 2078 1507 2127 meam
1530 2058 1654 2139 vicem,

315 2223 377 2305 ait,
393 2231 537 2314 peccota
552 2232 672 2293 vestra
688 2221 824 2306 deflete,
840 2243 922 2293 oum
939 2244 1044 2294 nemo
1060 2245 1084 2292 a
1098 2231 1241 2316 peccato
1253 2224 1425 2295 immunis
1442 2225 1577 2295 nemini
1593 2224 1654 2295 lle-

316 2395 377 2458 tus
392 2388 543 2459 materia
561 2386 754 2459 subtracta
795 2388 901 2471 Quod
917 2390 963 2459 od
973 2411 1041 2471 me,
1051 2412 1118 2485 ego
1134 2391 1296 2463 omnium
1306 2393 1607 2482 complementum
1616 2415 1657 2462 ac

315 2556 656 2628 consummationem
673 2579 758 2627 mox
770 2556 907 2629 videbo.
945 2555 1007 2628 Ab
1022 2558 1090 2629 hoc
1102 2566 1261 2651 tempore
1273 2557 1432 2630 oblatum
1445 2558 1657 2630 alimentum

315 2722 474 2813 respuitt
500 2719 596 2800 Non.
618 2724 747 2816 inquit,
766 2724 870 2793 edam
891 2732 956 2794 aut
977 2722 1098 2795 bibam
1121 2724 1239 2816 quoad
1258 2724 1297 2793 in
1319 2700 1469 2817 regnum
1487 2723 1657 2792 ooelorum

311 2887 474 2958 invehar·
509 2887 663 2959 Funeris
675 2911 797 2960 curam
814 2887 1042 2960 Guumnmo
1052 2889 1230 2960 L1r1nno
1242 2895 1279 2958 et
1289 2886 1516 2957 Gumnnmo
1527 2887 1659 2959 Scoro

316 3054 438 3124 amicis
460 3055 698 3149 integerrimis
725 3051 892 3146 (quorum
916 3056 1109 3126 amicitiam
1134 3076 1207 3124 non
1232 3053 1457 3125 vacillantem
1481 3052 1661 3146 frequenti

316 3221 430 3314 elogio
451 3222 607 3313 ornavit)
625 3222 857 3292 commendat
909 3221 985 3291 Cur
1004 3244 1088 3304 non,
1110 3219 1239 3311 inquit,
1260 3219 1350 3290 mihi
1369 3219 1480 3314 hujus
1500 3221 1658 3311 corporis

316 3407 411 3467 cura,
436 3387 526 3455 illud
550 3386 725 3478 siquidem
749 3386 1019 3481 glorificandum
1039 3397 1076 3459 et
1099 3385 1393 3457 conformandum
1416 3387 1561 3456 tandem
1583 3388 1659 3479 glo·

316 3553 411 3623 rioso
427 3552 563 3623 Christi
579 3552 745 3645 corpori?
771 3562 807 3626 et
831 3576 959 3626 manus
984 3557 1137 3636 intuens,
1155 3550 1238 3624 Istae
1258 3553 1366 3624 etiam
1383 3574 1510 3623 manus
1527 3553 1659 3624 illustri

317 3717 506 3811 fulgebunt
521 3719 644 3812 gloria
696 3718 789 3814 Ejus
805 3721 876 3791 diei
896 3742 1044 3812 vespera
1065 3743 1110 3792 ex
1129 3722 1288 3816 cognatis
1310 3741 1405 3792 unus
1430 3721 1476 3790 ad
1502 3743 1585 3790 eum
1604 3722 1658 3790 in-

316 3904 470 3976 gressus,
487 3906 648 3954 sermone
663 3887 774 3976 impio
791 3885 899 3957 bilem
914 3889 947 3956 ci
964 3888 1089 3969 movit,
1106 3884 1152 3958 ab
1168 3909 1210 3957 eo
1225 3886 1292 3957 hoc
1313 3884 1465 3981 flagitat,
1481 3887 1588 3955 vellet
1604 3885 1659 3953 in-

318 4057 439 4118 vectus
464 4050 502 4118 in
528 4050 632 4119 coelos
657 4050 806 4120 mediari
831 4073 896 4142 pro
925 4073 962 4120 se
999 4052 1215 4143 reliquisque
1239 4051 1389 4121 amicis:
1423 4050 1490 4121 hoc
1524 4051 1658 4134 audito,

318 4216 372 4283 ira
387 4214 539 4296 fervens,
555 4223 699 4306 repente
716 4237 842 4306 corpus
859 4215 1074 4286 imbecillum
1097 4238 1137 4286 ac
1152 4215 1227 4288 fere
1244 4215 1406 4287 exanime
1428 4216 1545 4311 erigit,
1562 4214 1656 4311 Ego,

318 4380 446 4469 inquit,
464 4400 593 4450 munus
610 4381 700 4450 illud
715 4381 844 4463 abnuo,
865 4379 1031 4452 Christus
1047 4383 1174 4453 unicus
1197 4382 1385 4453 Mediator.
1437 4381 1522 4454 Non
1543 4364 1659 4456 multo

318 4556 399 4633 post
415 4548 538 4616 invisit
556 4569 637 4618 eum
653 4547 766 4620 frater
778 4557 867 4621 natu
879 4549 1003 4644 major.
1055 4548 1126 4632 Tu,
1142 4548 1271 4642 inquit,
1287 4558 1479 4644 cognatum
1497 4557 1661 4622 nostrum

978 4699 1006 4751 ι)
