<?xml version="1.0" encoding="UTF-8"?>
<!DOCTYPE html PUBLIC "-//W3C//DTD XHTML 1.0 Transitional//EN"
    "http://www.w3.org/TR/xhtml1/DTD/xhtml1-transitional.dtd">
<html xmlns="http://www.w3.org/1999/xhtml" xml:lang="en" lang="en">
 <head>
  <title>
</title>
<meta http-equiv="Content-Type" content="text/html;charset=utf-8" />
  <meta name='ocr-system' content='tesseract 3.04.00' />
  <meta name='ocr-capabilities' content='ocr_page ocr_carea ocr_par ocr_line ocrx_word'/>
</head>
<body>
  <div class='ocr_page' id='page_1' title='image "./devitaetmortero00chargoog_0065.png"; bbox 0 0 4530 6076; ppageno 0'>
   <div class='ocr_carea' id='block_1_1' title="bbox 454 767 1284 842">
    <p class='ocr_par' dir='ltr' id='par_1_1' title="bbox 454 767 1284 842">
     <span class='ocr_line' id='line_1_1' title="bbox 454 767 1284 842; baseline -0.013 0"><span class='ocrx_word' id='word_1_1' title='bbox 454 774 503 842; x_wconf 84' lang='lat'><strong>50</strong></span> <span class='ocrx_word' id='word_1_2' title='bbox 880 768 999 833; x_wconf 85' lang='lat' dir='ltr'>VITA</span> <span class='ocrx_word' id='word_1_3' title='bbox 1020 767 1085 833; x_wconf 84' lang='lat' dir='ltr'><strong>ET</strong></span> <span class='ocrx_word' id='word_1_4' title='bbox 1108 767 1284 833; x_wconf 85' lang='lat' dir='ltr'>OBITUS</span> 
     </span>
    </p>
   </div>
   <div class='ocr_carea' id='block_1_2' title="bbox 455 997 1810 1262">
    <p class='ocr_par' dir='ltr' id='par_1_2' title="bbox 455 997 1810 1262">
     <span class='ocr_line' id='line_1_2' title="bbox 455 997 1809 1095; baseline -0.002 -23"><span class='ocrx_word' id='word_1_5' title='bbox 455 999 559 1072; x_wconf 87' lang='lat' dir='ltr'><strong>“Deo</strong></span> <span class='ocrx_word' id='word_1_6' title='bbox 569 1000 928 1095; x_wconf 85' lang='lat' dir='ltr'><strong>meo,inquit,gratia,</strong></span> <span class='ocrx_word' id='word_1_7' title='bbox 935 998 1731 1091; x_wconf 61' lang='lat' dir='ltr'><strong>memoriavisusaudituareliquiquesensus</strong></span> <span class='ocrx_word' id='word_1_8' title='bbox 1739 997 1809 1070; x_wconf 84' lang='lat' dir='ltr'><strong>mei</strong></span> 
     </span>
     <span class='ocr_line' id='line_1_3' title="bbox 455 1165 1810 1262; baseline -0.001 -25"><span class='ocrx_word' id='word_1_9' title='bbox 455 1175 531 1237; x_wconf 85' lang='lat' dir='ltr'><strong>tam</strong></span> <span class='ocrx_word' id='word_1_10' title='bbox 543 1168 695 1250; x_wconf 75' lang='lat' dir='ltr'><strong>vivaces,</strong></span> <span class='ocrx_word' id='word_1_11' title='bbox 711 1176 787 1238; x_wconf 88' lang='lat' dir='ltr'><strong>tam</strong></span> <span class='ocrx_word' id='word_1_12' title='bbox 799 1168 918 1262; x_wconf 81' lang='lat' dir='ltr'>vegeti</span> <span class='ocrx_word' id='word_1_13' title='bbox 930 1166 1040 1259; x_wconf 73' lang='lat' dir='ltr'><strong>quim</strong></span> <span class='ocrx_word' id='word_1_14' title='bbox 1057 1168 1144 1238; x_wconf 84' lang='lat' dir='ltr'><strong>alias</strong></span> <span class='ocrx_word' id='word_1_15' title='bbox 1161 1186 1343 1258; x_wconf 82' lang='lat' dir='ltr'><strong>unquam3</strong></span> <span class='ocrx_word' id='word_1_16' title='bbox 1365 1173 1422 1236; x_wconf 83' lang='lat' dir='ltr'><strong>ast</strong></span> <span class='ocrx_word' id='word_1_17' title='bbox 1438 1165 1484 1236; x_wconf 90' lang='lat' dir='ltr'><strong>ab</strong></span> <span class='ocrx_word' id='word_1_18' title='bbox 1500 1166 1568 1237; x_wconf 87' lang='lat' dir='ltr'><strong>hoc</strong></span> <span class='ocrx_word' id='word_1_19' title='bbox 1580 1166 1716 1237; x_wconf 92' lang='lat' dir='ltr'><strong>mundo</strong></span> <span class='ocrx_word' id='word_1_20' title='bbox 1727 1165 1810 1236; x_wconf 84' lang='lat' dir='ltr'><strong>alie·</strong></span> 
     </span>
    </p>
   </div>
   <div class='ocr_carea' id='block_1_3' title="bbox 457 1327 1810 1423">
    <p class='ocr_par' dir='ltr' id='par_1_3' title="bbox 457 1327 1810 1423">
     <span class='ocr_line' id='line_1_4' title="bbox 457 1327 1810 1423; baseline 0.001 -25"><span class='ocrx_word' id='word_1_21' title='bbox 457 1337 581 1400; x_wconf 84' lang='lat' dir='ltr'><strong>natum</strong></span> <span class='ocrx_word' id='word_1_22' title='bbox 601 1352 807 1414; x_wconf 87' lang='lat' dir='ltr'><strong>cormeum,</strong></span> <span class='ocrx_word' id='word_1_23' title='bbox 823 1339 860 1401; x_wconf 91' lang='lat' dir='ltr'><strong>et</strong></span> <span class='ocrx_word' id='word_1_24' title='bbox 872 1351 1045 1423; x_wconf 80' lang='lat' dir='ltr'>quorsum</span> <span class='ocrx_word' id='word_1_25' title='bbox 1057 1329 1213 1402; x_wconf 86' lang='lat' dir='ltr'><strong>Domine</strong></span> <span class='ocrx_word' id='word_1_26' title='bbox 1224 1329 1324 1413; x_wconf 82' lang='lat' dir='ltr'><strong>Jesu,</strong></span> <span class='ocrx_word' id='word_1_27' title='bbox 1340 1330 1444 1401; x_wconf 87' lang='lat' dir='ltr'><strong>corde</strong></span> <span class='ocrx_word' id='word_1_28' title='bbox 1460 1351 1540 1400; x_wconf 88' lang='lat' dir='ltr'><strong>meo</strong></span> <span class='ocrx_word' id='word_1_29' title='bbox 1555 1350 1629 1400; x_wconf 91' lang='lat' dir='ltr'><strong>non</strong></span> <span class='ocrx_word' id='word_1_30' title='bbox 1640 1327 1810 1400; x_wconf 84' lang='lat' dir='ltr'><strong>fruereris</strong></span> 
     </span>
    </p>
   </div>
   <div class='ocr_carea' id='block_1_4' title="bbox 456 1479 1810 1587">
    <p class='ocr_par' dir='ltr' id='par_1_4' title="bbox 456 1479 1810 1587">
     <span class='ocr_line' id='line_1_5' title="bbox 456 1479 1810 1587; baseline -0.001 -23"><span class='ocrx_word' id='word_1_31' title='bbox 456 1479 757 1565; x_wconf 80' lang='lat' dir='ltr'><strong>crrisoliinillud</strong></span> <span class='ocrx_word' id='word_1_32' title='bbox 769 1492 863 1587; x_wconf 85' lang='lat' dir='ltr'><strong>jus?</strong></span> <span class='ocrx_word' id='word_1_33' title='bbox 915 1492 1044 1565; x_wconf 85' lang='lat' dir='ltr'><strong>Inhoc</strong></span> <span class='ocrx_word' id='word_1_34' title='bbox 1059 1516 1124 1587; x_wconf 91' lang='lat' dir='ltr'><strong>per</strong></span> <span class='ocrx_word' id='word_1_35' title='bbox 1142 1501 1256 1565; x_wconf 85' lang='lat' dir='ltr'><strong>totam</strong></span> <span class='ocrx_word' id='word_1_36' title='bbox 1272 1492 1387 1564; x_wconf 83' lang='lat' dir='ltr'><strong>vitam</strong></span> <span class='ocrx_word' id='word_1_37' title='bbox 1407 1492 1553 1564; x_wconf 75' lang='lat' dir='ltr'><strong>inorbui</strong></span> <span class='ocrx_word' id='word_1_38' title='bbox 1572 1491 1723 1563; x_wconf 82' lang='lat' dir='ltr'><strong>utillud</strong></span> <span class='ocrx_word' id='word_1_39' title='bbox 1743 1490 1810 1563; x_wconf 85' lang='lat' dir='ltr'><strong>tibi</strong></span> 
     </span>
    </p>
   </div>
   <div class='ocr_carea' id='block_1_5' title="bbox 388 1655 1812 4530">
    <p class='ocr_par' dir='ltr' id='par_1_5' title="bbox 388 1655 1812 4530">
     <span class='ocr_line' id='line_1_6' title="bbox 456 1655 1808 1747; baseline -0.003 -19"><span class='ocrx_word' id='word_1_40' title='bbox 456 1657 611 1728; x_wconf 86' lang='lat' dir='ltr'><strong>dicarem</strong></span> <span class='ocrx_word' id='word_1_41' title='bbox 623 1677 664 1726; x_wconf 85' lang='lat' dir='ltr'><strong>ao</strong></span> <span class='ocrx_word' id='word_1_42' title='bbox 676 1675 936 1727; x_wconf 73' lang='lat' dir='ltr'><strong>consecrarem:</strong></span> <span class='ocrx_word' id='word_1_43' title='bbox 959 1657 1049 1726; x_wconf 90' lang='lat' dir='ltr'><strong>illud</strong></span> <span class='ocrx_word' id='word_1_44' title='bbox 1062 1678 1184 1747; x_wconf 84' lang='lat' dir='ltr'><strong>quaeso</strong></span> <span class='ocrx_word' id='word_1_45' title='bbox 1194 1677 1336 1727; x_wconf 87' lang='lat' dir='ltr'><strong>assume</strong></span> <span class='ocrx_word' id='word_1_46' title='bbox 1351 1664 1395 1728; x_wconf 90' lang='lat' dir='ltr'><strong>ut</strong></span> <span class='ocrx_word' id='word_1_47' title='bbox 1410 1666 1530 1728; x_wconf 84' lang='lat' dir='ltr'><strong>tecum</strong></span> <span class='ocrx_word' id='word_1_48' title='bbox 1542 1655 1808 1727; x_wconf 62' lang='lat' dir='ltr'><strong>commoretur?</strong></span> 
     </span>
     <span class='ocr_line' id='line_1_7' title="bbox 458 1817 1811 1911; baseline 0.001 -23"><span class='ocrx_word' id='word_1_49' title='bbox 458 1817 551 1890; x_wconf 85' lang='lat' dir='ltr'><strong>Haec</strong></span> <span class='ocrx_word' id='word_1_50' title='bbox 562 1821 721 1890; x_wconf 83' lang='lat' dir='ltr'><strong>locutum</strong></span> <span class='ocrx_word' id='word_1_51' title='bbox 734 1820 873 1890; x_wconf 86' lang='lat' dir='ltr'><strong>invadit</strong></span> <span class='ocrx_word' id='word_1_52' title='bbox 888 1819 979 1890; x_wconf 85' lang='lat' dir='ltr'><strong>lenis</strong></span> <span class='ocrx_word' id='word_1_53' title='bbox 989 1819 1137 1910; x_wconf 85' lang='lat' dir='ltr'><strong>quidam</strong></span> <span class='ocrx_word' id='word_1_54' title='bbox 1150 1840 1307 1902; x_wconf 84' lang='lat' dir='ltr'><strong>somnus,</strong></span> <span class='ocrx_word' id='word_1_55' title='bbox 1325 1841 1370 1890; x_wconf 85' lang='lat' dir='ltr'><strong>ex</strong></span> <span class='ocrx_word' id='word_1_56' title='bbox 1382 1841 1455 1911; x_wconf 89' lang='lat' dir='ltr'><strong>quo</strong></span> <span class='ocrx_word' id='word_1_57' title='bbox 1470 1828 1697 1910; x_wconf 70' lang='lat' dir='ltr'><strong>experrectum</strong></span> <span class='ocrx_word' id='word_1_58' title='bbox 1714 1837 1811 1889; x_wconf 89' lang='lat' dir='ltr'><strong>sum·</strong></span> 
     </span>
     <span class='ocr_line' id='line_1_8' title="bbox 456 1979 1810 2077; baseline -0.001 -24"><span class='ocrx_word' id='word_1_59' title='bbox 456 2004 516 2054; x_wconf 90' lang='lat' dir='ltr'><strong>mo</strong></span> <span class='ocrx_word' id='word_1_60' title='bbox 532 1983 662 2055; x_wconf 82' lang='lat' dir='ltr'><strong>affectu</strong></span> <span class='ocrx_word' id='word_1_61' title='bbox 673 1981 803 2077; x_wconf 77' lang='lat' dir='ltr'><strong>flagrat</strong></span> <span class='ocrx_word' id='word_1_62' title='bbox 819 1983 976 2062; x_wconf 84' lang='lat' dir='ltr'><strong>dissolvi,</strong></span> <span class='ocrx_word' id='word_1_63' title='bbox 992 1995 1029 2054; x_wconf 89' lang='lat' dir='ltr'><strong>et</strong></span> <span class='ocrx_word' id='word_1_64' title='bbox 1044 2003 1121 2054; x_wconf 87' lang='lat' dir='ltr'><strong>esse</strong></span> <span class='ocrx_word' id='word_1_65' title='bbox 1137 2004 1220 2055; x_wconf 88' lang='lat' dir='ltr'><strong>cum</strong></span> <span class='ocrx_word' id='word_1_66' title='bbox 1232 1981 1412 2054; x_wconf 82' lang='lat' dir='ltr'><strong>Domino:</strong></span> <span class='ocrx_word' id='word_1_67' title='bbox 1436 1987 1458 2022; x_wconf 83' lang='lat'><strong>‘⁶</strong></span> <span class='ocrx_word' id='word_1_68' title='bbox 1468 1979 1575 2065; x_wconf 89' lang='lat' dir='ltr'><strong>Veni,</strong></span> <span class='ocrx_word' id='word_1_69' title='bbox 1590 1981 1720 2072; x_wconf 89' lang='lat' dir='ltr'><strong>inquit,</strong></span> <span class='ocrx_word' id='word_1_70' title='bbox 1736 1980 1810 2052; x_wconf 89' lang='lat' dir='ltr'><strong>Do-</strong></span> 
     </span>
     <span class='ocr_line' id='line_1_9' title="bbox 455 2143 1810 2241; baseline -0.001 -22"><span class='ocrx_word' id='word_1_71' title='bbox 455 2149 552 2219; x_wconf 90' lang='lat' dir='ltr'><strong>mine</strong></span> <span class='ocrx_word' id='word_1_72' title='bbox 567 2146 667 2229; x_wconf 83' lang='lat' dir='ltr'><strong>Jesu,</strong></span> <span class='ocrx_word' id='word_1_73' title='bbox 682 2146 821 2241; x_wconf 82' lang='lat' dir='ltr'><strong>fragilis</strong></span> <span class='ocrx_word' id='word_1_74' title='bbox 837 2146 948 2241; x_wconf 90' lang='lat' dir='ltr'><strong>hujus</strong></span> <span class='ocrx_word' id='word_1_75' title='bbox 965 2147 1054 2218; x_wconf 69' lang='lat' dir='ltr'><strong>vitae</strong></span> <span class='ocrx_word' id='word_1_76' title='bbox 1069 2146 1171 2217; x_wconf 86' lang='lat' dir='ltr'><strong>filum</strong></span> <span class='ocrx_word' id='word_1_77' title='bbox 1188 2145 1384 2238; x_wconf 78' lang='lat' dir='ltr'><strong>abrumpe3</strong></span> <span class='ocrx_word' id='word_1_78' title='bbox 1410 2155 1563 2229; x_wconf 81' lang='lat' dir='ltr'><strong>matura,</strong></span> <span class='ocrx_word' id='word_1_79' title='bbox 1578 2143 1745 2227; x_wconf 87' lang='lat' dir='ltr'><strong>Domine,</strong></span> <span class='ocrx_word' id='word_1_80' title='bbox 1764 2167 1810 2217; x_wconf 92' lang='lat' dir='ltr'><strong>ne</strong></span> 
     </span>
     <span class='ocr_line' id='line_1_10' title="bbox 456 2310 1812 2393; baseline -0.001 -11"><span class='ocrx_word' id='word_1_81' title='bbox 456 2313 569 2383; x_wconf 88' lang='lat' dir='ltr'><strong>tarda.</strong></span> <span class='ocrx_word' id='word_1_82' title='bbox 604 2310 710 2382; x_wconf 83' lang='lat' dir='ltr'><strong>Jesus</strong></span> <span class='ocrx_word' id='word_1_83' title='bbox 726 2333 784 2382; x_wconf 91' lang='lat' dir='ltr'><strong>me</strong></span> <span class='ocrx_word' id='word_1_84' title='bbox 800 2311 962 2392; x_wconf 86' lang='lat' dir='ltr'><strong>redemit,</strong></span> <span class='ocrx_word' id='word_1_85' title='bbox 978 2332 1052 2382; x_wconf 93' lang='lat' dir='ltr'><strong>non</strong></span> <span class='ocrx_word' id='word_1_86' title='bbox 1067 2319 1111 2382; x_wconf 90' lang='lat' dir='ltr'><strong>ut</strong></span> <span class='ocrx_word' id='word_1_87' title='bbox 1128 2311 1297 2382; x_wconf 73' lang='lat' dir='ltr'><strong>caducam</strong></span> <span class='ocrx_word' id='word_1_88' title='bbox 1309 2310 1412 2393; x_wconf 84' lang='lat' dir='ltr'><strong>hanc,</strong></span> <span class='ocrx_word' id='word_1_89' title='bbox 1429 2330 1556 2383; x_wconf 84' lang='lat' dir='ltr'><strong>verum</strong></span> <span class='ocrx_word' id='word_1_90' title='bbox 1572 2320 1745 2383; x_wconf 81' lang='lat' dir='ltr'><strong>aeternam</strong></span> <span class='ocrx_word' id='word_1_91' title='bbox 1759 2313 1812 2381; x_wconf 86' lang='lat' dir='ltr'><strong>vi·</strong></span> 
     </span>
     <span class='ocr_line' id='line_1_11' title="bbox 458 2473 1810 2569; baseline 0 -23"><span class='ocrx_word' id='word_1_92' title='bbox 458 2483 532 2546; x_wconf 87' lang='lat' dir='ltr'><strong>tam</strong></span> <span class='ocrx_word' id='word_1_93' title='bbox 542 2475 747 2568; x_wconf 81' lang='lat' dir='ltr'><strong>indulgerit.</strong></span> <span class='ocrx_word' id='word_1_94' title='bbox 771 2473 876 2556; x_wconf 89' lang='lat' dir='ltr'><strong>Veni,</strong></span> <span class='ocrx_word' id='word_1_95' title='bbox 885 2473 985 2558; x_wconf 83' lang='lat' dir='ltr'><strong>Jesu,</strong></span> <span class='ocrx_word' id='word_1_96' title='bbox 995 2475 1127 2569; x_wconf 82' lang='lat' dir='ltr'><strong>largire</strong></span> <span class='ocrx_word' id='word_1_97' title='bbox 1138 2476 1250 2546; x_wconf 86' lang='lat' dir='ltr'><strong>vitam</strong></span> <span class='ocrx_word' id='word_1_98' title='bbox 1260 2482 1521 2566; x_wconf 78' lang='lat' dir='ltr'><strong>propterquam</strong></span> <span class='ocrx_word' id='word_1_99' title='bbox 1531 2476 1714 2546; x_wconf 82' lang='lat' dir='ltr'><strong>redemisti</strong></span> <span class='ocrx_word' id='word_1_100' title='bbox 1720 2475 1810 2546; x_wconf 85' lang='lat' dir='ltr'><strong>rne.”</strong></span> 
     </span>
     <span class='ocr_line' id='line_1_12' title="bbox 457 2633 1809 2731; baseline -0.004 -20"><span class='ocrx_word' id='word_1_101' title='bbox 457 2638 629 2711; x_wconf 84' lang='lat' dir='ltr'><strong>Astantes</strong></span> <span class='ocrx_word' id='word_1_102' title='bbox 650 2637 758 2711; x_wconf 91' lang='lat' dir='ltr'><strong>flebili</strong></span> <span class='ocrx_word' id='word_1_103' title='bbox 779 2640 925 2730; x_wconf 84' lang='lat' dir='ltr'><strong>planctu</strong></span> <span class='ocrx_word' id='word_1_104' title='bbox 942 2639 1055 2709; x_wconf 84' lang='lat' dir='ltr'><strong>vicem</strong></span> <span class='ocrx_word' id='word_1_105' title='bbox 1077 2659 1180 2707; x_wconf 87' lang='lat' dir='ltr'><strong>suam</strong></span> <span class='ocrx_word' id='word_1_106' title='bbox 1202 2637 1242 2707; x_wconf 92' lang='lat' dir='ltr'><strong>in</strong></span> <span class='ocrx_word' id='word_1_107' title='bbox 1261 2637 1340 2731; x_wconf 87' lang='lat' dir='ltr'><strong>ejus</strong></span> <span class='ocrx_word' id='word_1_108' title='bbox 1362 2635 1463 2708; x_wconf 90' lang='lat' dir='ltr'><strong>obitu</strong></span> <span class='ocrx_word' id='word_1_109' title='bbox 1483 2633 1637 2707; x_wconf 84' lang='lat' dir='ltr'><strong>deflent:</strong></span> <span class='ocrx_word' id='word_1_110' title='bbox 1664 2634 1718 2706; x_wconf 81' lang='lat' dir='ltr'><strong>At</strong></span> <span class='ocrx_word' id='word_1_111' title='bbox 1739 2637 1809 2718; x_wconf 88' lang='lat' dir='ltr'><strong>ille,</strong></span> 
     </span>
     <span class='ocr_line' id='line_1_13' title="bbox 388 2798 1808 2898; baseline -0.006 -20"><span class='ocrx_word' id='word_1_112' title='bbox 388 2874 390 2878; x_wconf 75' lang='grc'><strong>,</strong></span> <span class='ocrx_word' id='word_1_113' title='bbox 459 2809 480 2842; x_wconf 89' lang='grc'><strong>“</strong></span> <span class='ocrx_word' id='word_1_114' title='bbox 493 2802 627 2877; x_wconf 85' lang='lat' dir='ltr'><strong>Omnes</strong></span> <span class='ocrx_word' id='word_1_115' title='bbox 643 2803 752 2898; x_wconf 89' lang='lat' dir='ltr'><strong>hujus</strong></span> <span class='ocrx_word' id='word_1_116' title='bbox 769 2803 856 2875; x_wconf 84' lang='lat' dir='ltr'><strong>vitae</strong></span> <span class='ocrx_word' id='word_1_117' title='bbox 871 2803 1005 2896; x_wconf 73' lang='lat' dir='ltr'><strong>gradm</strong></span> <span class='ocrx_word' id='word_1_118' title='bbox 1022 2821 1186 2872; x_wconf 90' lang='lat' dir='ltr'><strong>emensus</strong></span> <span class='ocrx_word' id='word_1_119' title='bbox 1202 2819 1306 2884; x_wconf 90' lang='lat' dir='ltr'><strong>sum;</strong></span> <span class='ocrx_word' id='word_1_120' title='bbox 1324 2800 1370 2872; x_wconf 86' lang='lat' dir='ltr'><strong>ad</strong></span> <span class='ocrx_word' id='word_1_121' title='bbox 1385 2798 1620 2872; x_wconf 84' lang='lat' dir='ltr'><strong>novissimum</strong></span> <span class='ocrx_word' id='word_1_122' title='bbox 1636 2800 1808 2890; x_wconf 83' lang='lat' dir='ltr'><strong>perveni3</strong></span> 
     </span>
     <span class='ocr_line' id='line_1_14' title="bbox 457 2961 1810 3063; baseline -0.002 -22"><span class='ocrx_word' id='word_1_123' title='bbox 457 2991 520 3041; x_wconf 90' lang='lat' dir='ltr'><strong>cur</strong></span> <span class='ocrx_word' id='word_1_124' title='bbox 542 2966 832 3063; x_wconf 80' lang='lat' dir='ltr'><strong>retrogrederer?</strong></span> <span class='ocrx_word' id='word_1_125' title='bbox 885 2968 995 3038; x_wconf 87' lang='lat' dir='ltr'><strong>Hunc</strong></span> <span class='ocrx_word' id='word_1_126' title='bbox 1018 2966 1183 3060; x_wconf 82' lang='lat' dir='ltr'><strong>gradum,</strong></span> <span class='ocrx_word' id='word_1_127' title='bbox 1199 2964 1356 3038; x_wconf 84' lang='lat' dir='ltr'><strong>Domine</strong></span> <span class='ocrx_word' id='word_1_128' title='bbox 1379 2962 1479 3048; x_wconf 87' lang='lat' dir='ltr'><strong>Jesu,</strong></span> <span class='ocrx_word' id='word_1_129' title='bbox 1502 2971 1567 3036; x_wconf 87' lang='lat' dir='ltr'><strong>tuo</strong></span> <span class='ocrx_word' id='word_1_130' title='bbox 1587 2961 1711 3036; x_wconf 82' lang='lat' dir='ltr'><strong>favore</strong></span> <span class='ocrx_word' id='word_1_131' title='bbox 1732 2963 1810 3039; x_wconf 84' lang='lat' dir='ltr'><strong>feli·</strong></span> 
     </span>
     <span class='ocr_line' id='line_1_15' title="bbox 458 3127 1809 3224; baseline -0.001 -23"><span class='ocrx_word' id='word_1_132' title='bbox 458 3131 546 3203; x_wconf 82' lang='lat' dir='ltr'><strong>citer</strong></span> <span class='ocrx_word' id='word_1_133' title='bbox 557 3129 714 3201; x_wconf 80' lang='lat' dir='ltr'><strong>emetiar.</strong></span> <span class='ocrx_word' id='word_1_134' title='bbox 731 3128 857 3201; x_wconf 83' lang='lat' dir='ltr'><strong>Deduc</strong></span> <span class='ocrx_word' id='word_1_135' title='bbox 872 3151 931 3199; x_wconf 91' lang='lat' dir='ltr'><strong>me</strong></span> <span class='ocrx_word' id='word_1_136' title='bbox 946 3132 986 3200; x_wconf 93' lang='lat' dir='ltr'><strong>in</strong></span> <span class='ocrx_word' id='word_1_137' title='bbox 996 3151 1074 3200; x_wconf 86' lang='lat' dir='ltr'><strong>earn</strong></span> <span class='ocrx_word' id='word_1_138' title='bbox 1087 3130 1249 3224; x_wconf 82' lang='lat' dir='ltr'><strong>gloriam,</strong></span> <span class='ocrx_word' id='word_1_139' title='bbox 1267 3150 1377 3222; x_wconf 86' lang='lat' dir='ltr'><strong>quam</strong></span> <span class='ocrx_word' id='word_1_140' title='bbox 1389 3149 1453 3221; x_wconf 86' lang='lat' dir='ltr'><strong>per</strong></span> <span class='ocrx_word' id='word_1_141' title='bbox 1464 3129 1648 3220; x_wconf 78' lang='lat' dir='ltr'><strong>speculum</strong></span> <span class='ocrx_word' id='word_1_142' title='bbox 1664 3127 1809 3200; x_wconf 79' lang='lat' dir='ltr'><strong>tantum</strong></span> 
     </span>
     <span class='ocr_line' id='line_1_16' title="bbox 458 3290 1808 3387; baseline -0.002 -20"><span class='ocrx_word' id='word_1_143' title='bbox 458 3297 558 3367; x_wconf 80' lang='lat' dir='ltr'><strong>vidi:</strong></span> <span class='ocrx_word' id='word_1_144' title='bbox 583 3297 724 3368; x_wconf 85' lang='lat' dir='ltr'><strong>utinum</strong></span> <span class='ocrx_word' id='word_1_145' title='bbox 746 3295 842 3387; x_wconf 85' lang='lat' dir='ltr'><strong>apud</strong></span> <span class='ocrx_word' id='word_1_146' title='bbox 864 3301 901 3365; x_wconf 88' lang='lat' dir='ltr'><strong>te</strong></span> <span class='ocrx_word' id='word_1_147' title='bbox 923 3293 1152 3365; x_wconf 57' lang='lat' dir='ltr'><strong>diversarer?</strong></span> <span class='ocrx_word' id='word_1_148' title='bbox 1202 3293 1286 3375; x_wconf 85' lang='lat' dir='ltr'><strong>Qui·</strong></span> <span class='ocrx_word' id='word_1_149' title='bbox 1300 3291 1465 3366; x_wconf 83' lang='lat' dir='ltr'><strong>astobunt</strong></span> <span class='ocrx_word' id='word_1_150' title='bbox 1488 3290 1692 3386; x_wconf 80' lang='lat' dir='ltr'><strong>significant</strong></span> <span class='ocrx_word' id='word_1_151' title='bbox 1715 3295 1808 3366; x_wconf 87' lang='lat' dir='ltr'><strong>diem</strong></span> 
     </span>
     <span class='ocr_line' id='line_1_17' title="bbox 458 3455 1810 3549; baseline -0.001 -19"><span class='ocrx_word' id='word_1_152' title='bbox 458 3468 641 3549; x_wconf 84' lang='lat' dir='ltr'><strong>posterum</strong></span> <span class='ocrx_word' id='word_1_153' title='bbox 657 3457 878 3530; x_wconf 87' lang='lat' dir='ltr'><strong>Sabbathum</strong></span> <span class='ocrx_word' id='word_1_154' title='bbox 896 3477 983 3539; x_wconf 86' lang='lat' dir='ltr'><strong>esse,</strong></span> <span class='ocrx_word' id='word_1_155' title='bbox 997 3456 1092 3527; x_wconf 90' lang='lat' dir='ltr'><strong>unde</strong></span> <span class='ocrx_word' id='word_1_156' title='bbox 1102 3455 1141 3526; x_wconf 91' lang='lat' dir='ltr'><strong>in</strong></span> <span class='ocrx_word' id='word_1_157' title='bbox 1153 3455 1232 3527; x_wconf 88' lang='lat' dir='ltr'><strong>haec</strong></span> <span class='ocrx_word' id='word_1_158' title='bbox 1245 3455 1355 3527; x_wconf 87' lang='lat' dir='ltr'><strong>verba</strong></span> <span class='ocrx_word' id='word_1_159' title='bbox 1366 3455 1534 3547; x_wconf 86' lang='lat' dir='ltr'><strong>erumpit,</strong></span> <span class='ocrx_word' id='word_1_160' title='bbox 1551 3455 1708 3529; x_wconf 87' lang='lat' dir='ltr'><strong>“Tuum</strong></span> <span class='ocrx_word' id='word_1_161' title='bbox 1723 3457 1810 3529; x_wconf 82' lang='lat' dir='ltr'><strong>Sub·</strong></span> 
     </span>
     <span class='ocr_line' id='line_1_18' title="bbox 457 3615 1809 3710; baseline -0.002 -18"><span class='ocrx_word' id='word_1_162' title='bbox 457 3620 618 3701; x_wconf 84' lang='lat' dir='ltr'><strong>bathum,</strong></span> <span class='ocrx_word' id='word_1_163' title='bbox 634 3619 800 3701; x_wconf 88' lang='lat' dir='ltr'><strong>Domine,</strong></span> <span class='ocrx_word' id='word_1_164' title='bbox 817 3626 994 3692; x_wconf 82' lang='lat' dir='ltr'><strong>aeternum</strong></span> <span class='ocrx_word' id='word_1_165' title='bbox 1010 3638 1130 3690; x_wconf 90' lang='lat' dir='ltr'><strong>meum</strong></span> <span class='ocrx_word' id='word_1_166' title='bbox 1146 3615 1368 3689; x_wconf 85' lang='lat' dir='ltr'><strong>Sabbathum</strong></span> <span class='ocrx_word' id='word_1_167' title='bbox 1385 3617 1550 3702; x_wconf 85' lang='lat' dir='ltr'><strong>inchoet3</strong></span> <span class='ocrx_word' id='word_1_168' title='bbox 1576 3619 1735 3710; x_wconf 80' lang='lat' dir='ltr'><strong>auspioia</strong></span> <span class='ocrx_word' id='word_1_169' title='bbox 1750 3640 1809 3691; x_wconf 85' lang='lat' dir='ltr'><strong>su·</strong></span> 
     </span>
     <span class='ocr_line' id='line_1_19' title="bbox 458 3777 1808 3858; baseline -0.002 0"><span class='ocrx_word' id='word_1_170' title='bbox 458 3794 535 3858; x_wconf 88' lang='lat' dir='ltr'><strong>mat</strong></span> <span class='ocrx_word' id='word_1_171' title='bbox 551 3791 726 3858; x_wconf 82' lang='lat' dir='ltr'><strong>aeternum</strong></span> <span class='ocrx_word' id='word_1_172' title='bbox 743 3779 963 3853; x_wconf 87' lang='lat' dir='ltr'><strong>Sabbathum</strong></span> <span class='ocrx_word' id='word_1_173' title='bbox 981 3801 1104 3853; x_wconf 87' lang='lat' dir='ltr'><strong>meum</strong></span> <span class='ocrx_word' id='word_1_174' title='bbox 1120 3802 1144 3851; x_wconf 92' lang='lat' dir='ltr'><strong>a</strong></span> <span class='ocrx_word' id='word_1_175' title='bbox 1159 3777 1339 3850; x_wconf 86' lang='lat' dir='ltr'><strong>Sabbatho</strong></span> <span class='ocrx_word' id='word_1_176' title='bbox 1355 3780 1450 3851; x_wconf 89' lang='lat' dir='ltr'><strong>tuo.”</strong></span> <span class='ocrx_word' id='word_1_177' title='bbox 1500 3778 1546 3851; x_wconf 92' lang='lat' dir='ltr'><strong>In</strong></span> <span class='ocrx_word' id='word_1_178' title='bbox 1561 3782 1717 3855; x_wconf 85' lang='lat' dir='ltr'><strong>madiam</strong></span> <span class='ocrx_word' id='word_1_179' title='bbox 1733 3781 1808 3855; x_wconf 86' lang='lat' dir='ltr'><strong>fere</strong></span> 
     </span>
     <span class='ocr_line' id='line_1_20' title="bbox 458 3941 1808 4038; baseline -0.002 -15"><span class='ocrx_word' id='word_1_180' title='bbox 458 3959 598 4023; x_wconf 86' lang='lat' dir='ltr'><strong>noctem</strong></span> <span class='ocrx_word' id='word_1_181' title='bbox 612 3948 786 4022; x_wconf 85' lang='lat' dir='ltr'><strong>modicam</strong></span> <span class='ocrx_word' id='word_1_182' title='bbox 798 3954 926 4019; x_wconf 84' lang='lat' dir='ltr'><strong>nactus</strong></span> <span class='ocrx_word' id='word_1_183' title='bbox 938 3953 993 4018; x_wconf 89' lang='lat' dir='ltr'><strong>est</strong></span> <span class='ocrx_word' id='word_1_184' title='bbox 1005 3945 1172 4037; x_wconf 87' lang='lat' dir='ltr'><strong>quietem,</strong></span> <span class='ocrx_word' id='word_1_185' title='bbox 1184 3965 1294 4038; x_wconf 86' lang='lat' dir='ltr'><strong>quam</strong></span> <span class='ocrx_word' id='word_1_186' title='bbox 1303 3941 1489 4016; x_wconf 88' lang='lat' dir='ltr'><strong>oonfestim</strong></span> <span class='ocrx_word' id='word_1_187' title='bbox 1501 3945 1617 4017; x_wconf 90' lang='lat' dir='ltr'><strong>morbi</strong></span> <span class='ocrx_word' id='word_1_188' title='bbox 1630 3947 1685 4020; x_wconf 83' lang='lat' dir='ltr'><strong>vis</strong></span> <span class='ocrx_word' id='word_1_189' title='bbox 1697 3948 1808 4020; x_wconf 88' lang='lat' dir='ltr'><strong>inter·</strong></span> 
     </span>
     <span class='ocr_line' id='line_1_21' title="bbox 457 4105 1804 4206; baseline -0.007 -20"><span class='ocrx_word' id='word_1_190' title='bbox 457 4116 568 4206; x_wconf 91' lang='lat' dir='ltr'><strong>rupit,</strong></span> <span class='ocrx_word' id='word_1_191' title='bbox 584 4134 858 4206; x_wconf 87' lang='lat' dir='ltr'><strong>supremamque</strong></span> <span class='ocrx_word' id='word_1_192' title='bbox 873 4110 1000 4184; x_wconf 86' lang='lat' dir='ltr'><strong>horam</strong></span> <span class='ocrx_word' id='word_1_193' title='bbox 1016 4110 1138 4182; x_wconf 80' lang='lat' dir='ltr'><strong>adesse</strong></span> <span class='ocrx_word' id='word_1_194' title='bbox 1153 4117 1254 4181; x_wconf 85' lang='lat' dir='ltr'><strong>ratus</strong></span> <span class='ocrx_word' id='word_1_195' title='bbox 1272 4106 1319 4179; x_wconf 87' lang='lat' dir='ltr'><strong>D.</strong></span> <span class='ocrx_word' id='word_1_196' title='bbox 1338 4105 1595 4181; x_wconf 72' lang='lat' dir='ltr'><strong>Wntnnnmt</strong></span> <span class='ocrx_word' id='word_1_197' title='bbox 1611 4107 1804 4188; x_wconf 65' lang='lat' dir='ltr'><strong>Bencen-</strong></span> 
     </span>
     <span class='ocr_line' id='line_1_22' title="bbox 457 4267 1805 4368; baseline -0.006 -23"><span class='ocrx_word' id='word_1_198' title='bbox 457 4290 663 4352; x_wconf 80' lang='lat' dir='ltr'><strong>onnnnuu</strong></span> <span class='ocrx_word' id='word_1_199' title='bbox 676 4276 847 4359; x_wconf 78' lang='lat' dir='ltr'><strong>accersit3</strong></span> <span class='ocrx_word' id='word_1_200' title='bbox 871 4297 980 4366; x_wconf 89' lang='lat' dir='ltr'><strong>quem</strong></span> <span class='ocrx_word' id='word_1_201' title='bbox 995 4275 1198 4368; x_wconf 87' lang='lat' dir='ltr'><strong>ingressum</strong></span> <span class='ocrx_word' id='word_1_202' title='bbox 1213 4273 1265 4344; x_wconf 86' lang='lat' dir='ltr'><strong>sio</strong></span> <span class='ocrx_word' id='word_1_203' title='bbox 1280 4269 1475 4364; x_wconf 86' lang='lat' dir='ltr'><strong>alloquitur</strong></span> <span class='ocrx_word' id='word_1_204' title='bbox 1488 4289 1498 4341; x_wconf 77' lang='lat' dir='ltr'><strong><em>z</em></strong></span> <span class='ocrx_word' id='word_1_205' title='bbox 1523 4277 1545 4312; x_wconf 81' lang='lat'><strong>‘⁶</strong></span> <span class='ocrx_word' id='word_1_206' title='bbox 1557 4270 1663 4352; x_wconf 85' lang='lat' dir='ltr'><strong>Quod</strong></span> <span class='ocrx_word' id='word_1_207' title='bbox 1679 4267 1805 4337; x_wconf 88' lang='lat' dir='ltr'><strong>diutis-</strong></span> 
     </span>
     <span class='ocr_line' id='line_1_23' title="bbox 456 4433 1805 4530; baseline -0.007 -20"><span class='ocrx_word' id='word_1_208' title='bbox 456 4436 547 4510; x_wconf 79' lang='lat' dir='ltr'><strong>sime</strong></span> <span class='ocrx_word' id='word_1_209' title='bbox 562 4455 695 4530; x_wconf 82' lang='lat' dir='ltr'><strong>munus</strong></span> <span class='ocrx_word' id='word_1_210' title='bbox 710 4436 887 4526; x_wconf 83' lang='lat' dir='ltr'><strong>pastorale</strong></span> <span class='ocrx_word' id='word_1_211' title='bbox 903 4433 1108 4527; x_wconf 81' lang='lat' dir='ltr'><strong>Edinburgi</strong></span> <span class='ocrx_word' id='word_1_212' title='bbox 1123 4435 1265 4515; x_wconf 88' lang='lat' dir='ltr'><strong>obieris,</strong></span> <span class='ocrx_word' id='word_1_213' title='bbox 1280 4433 1446 4524; x_wconf 86' lang='lat' dir='ltr'><strong>quodque</strong></span> <span class='ocrx_word' id='word_1_214' title='bbox 1461 4452 1534 4501; x_wconf 90' lang='lat' dir='ltr'><strong>non</strong></span> <span class='ocrx_word' id='word_1_215' title='bbox 1545 4449 1666 4503; x_wconf 71' lang='lat' dir='ltr'><strong>moeris</strong></span> <span class='ocrx_word' id='word_1_216' title='bbox 1682 4437 1805 4501; x_wconf 87' lang='lat' dir='ltr'><strong>nostra</strong></span> 
     </span>
    </p>
   </div>
   <div class='ocr_carea' id='block_1_6' title="bbox 0 0 2276 6076">
    <p class='ocr_par' dir='ltr' id='par_1_6' title="bbox 0 0 2276 6076">
     <span class='ocr_line' id='line_1_24' title="bbox 0 0 2276 6076; baseline 0 0"><span class='ocrx_word' id='word_1_217' title='bbox 0 0 2276 6076; x_wconf 95' lang='lat' dir='ltr'><strong> </strong></span> 
     </span>
    </p>
   </div>
  </div>
 </body>
</html>
