4590 6024
350 723 354 729 ’
471 775 518 842 aa
931 766 1049 831 va
1071 768 1137 832 uu
1160 765 1336 831 omaus

468 984 535 1056 boc
552 985 659 1054 semel
675 982 826 1055 Senatus
842 985 1064 1076 propositum
1079 984 1171 1054 nihil
1188 983 1323 1054 omittit
1335 983 1431 1074 quod
1443 983 1489 1053 ad
1502 1002 1592 1073 opus
1605 1000 1815 1073 promoven·

467 1148 553 1216 dum
569 1155 742 1238 spectaret
755 1168 766 1229 3
784 1146 933 1219 aedificia
948 1155 1050 1217 tanto
1067 1147 1166 1236 operi
1183 1146 1311 1216 idonea
1326 1155 1521 1236 comparat,
1537 1167 1620 1238 quae
1633 1146 1779 1215 deerant
1794 1145 1816 1214 a

469 1307 710 1379 fundamentis
720 1309 865 1390 extruit,
877 1309 1070 1399 prudenter
1085 1308 1195 1378 etiam
1208 1315 1310 1377 cavet
1319 1316 1361 1378 ut
1374 1309 1495 1378 omnia
1507 1308 1546 1377 in
1558 1316 1728 1399 promptu
1742 1308 1815 1378 siut

468 1479 550 1541 aute
566 1471 749 1542 ineuntem
766 1470 968 1555 Octobrem,
985 1493 1056 1562 quo
1072 1479 1232 1561 tempore
1256 1470 1493 1561 philosopbiae
1511 1471 1689 1541 candidati
1716 1492 1753 1540 se
1770 1472 1816 1539 ad

469 1630 681 1703 Academias
704 1632 863 1703 conferre
889 1634 1013 1703 solent.

517 1793 693 1864 Omnibus
706 1793 848 1865 abunde
859 1796 1023 1886 provisis,
1033 1797 1234 1866 consultare
1250 1791 1396 1866 dembm
1407 1798 1515 1888 coepit
1529 1798 1574 1867 de
1589 1797 1740 1869 Rectore
1754 1799 1817 1889 qui

466 1953 671 2026 Academiae
681 1963 858 2047 praeesset.
886 1955 1095 2027 innotuerat
1100 1958 1178 2050 jam
1188 1958 1384 2027 multorum
1391 1959 1564 2029 relatione
1576 1958 1602 2028 J
1602 1961 1710 2030 aoobo
1721 1960 1817 2030 Lau·

469 2120 569 2189 sonio
577 2118 796 2190 Rouuocus
803 2126 935 2201 noster,
942 2119 1006 2211 qui
1016 2125 1052 2188 et
1060 2118 1104 2188 ad
1112 2140 1196 2188 eum
1205 2119 1326 2189 literas
1337 2119 1483 2189 miserat
1494 2119 1730 2193 humanitatis
1744 2125 1818 2213 ple·

467 2306 543 2364 nas,
557 2283 686 2374 quibus
700 2261 782 2354 eum
796 2284 841 2354 ad
858 2283 951 2354 hanc
961 2283 1182 2376 provinciam
1194 2283 1454 2374 suscipiendam
1469 2283 1634 2355 hortatus
1647 2294 1745 2356 erat:
1762 2287 1819 2358 his

470 2448 617 2515 comiter
629 2456 665 2516 et
678 2446 790 2517 amice
807 2448 988 2538 respondit
1005 2445 1184 2529 Rolloeus,
1199 2455 1246 2528 et,
1258 2454 1301 2517 ut
1313 2455 1390 2517 erat
1407 2446 1514 2518 homo
1528 2449 1614 2520 vere
1625 2451 1705 2520 aliis
1717 2452 1820 2521 insti·

470 2612 610 2681 tuendis
623 2621 740 2694 natus,
750 2621 957 2704 promptum
967 2634 1004 2683 se
1014 2620 1250 2705 paratumque
1265 2614 1420 2684 ostendit
1433 2615 1464 2684 si
1477 2614 1627 2685 honesta
1639 2619 1818 2689 accederet

471 2776 619 2845 vocatio.
644 2774 734 2846 Adit
745 2777 865 2868 itaque
875 2775 1047 2848 Senatum
1057 2775 1258 2847 Lausonius
1270 2772 1386 2872 (cujus
1396 2798 1537 2850 summa
1546 2779 1818 2868 apudeumerat

474 2921 688 3032 authoritas)
704 2941 825 3011 edocet
840 2942 980 3012 nullum
1000 2941 1115 3034 magis
1131 2938 1299 3011 idoneum
1316 2941 1374 3012 oui
1389 2938 1595 3012 Academiae
1607 2941 1821 3034 praefectura

477 3104 720 3173 committatur
737 3124 845 3193 quam
866 3102 1064 3186 Rolloeum,
1077 3103 1121 3173 de
1137 3104 1239 3197 cujus
1256 3103 1417 3174 doctrina
1433 3111 1469 3173 et
1486 3104 1573 3174 vitae
1589 3107 1824 3177 sanctimonia

476 3264 619 3334 abunde
636 3267 704 3337 sibi
721 3275 907 3336 constaret.
950 3266 1163 3337 Decernitur
1179 3267 1350 3339 continuo
1361 3268 1610 3339 accersendum
1623 3267 1822 3350 Rolloeum,

483 3437 519 3496 et
540 3430 639 3500 electi
662 3432 700 3500 in
723 3449 800 3500 eam
826 3450 901 3498 rem
928 3429 999 3498 duo
1019 3429 1113 3499 cives
1136 3430 1309 3520 primarii,
1331 3432 1394 3521 qui
1415 3427 1660 3521 Andreapoliu
1681 3440 1824 3502 conten-

477 3593 577 3660 dunt.
630 3593 660 3662 li
678 3589 867 3663 Rolloeum
888 3593 1032 3675 adeunt,
1054 3614 1130 3662 rem
1151 3612 1294 3661 omnem
1318 3592 1350 3661 ei
1372 3591 1548 3681 aperiunt,
1565 3590 1756 3661 hortantur
1772 3614 1825 3661 ae-

478 3754 534 3824 rib
550 3776 595 3824 ne
613 3757 651 3826 in
669 3765 744 3827 tam
761 3764 883 3824 sancto
899 3756 1042 3850 negotio
1059 3753 1207 3824 Senatui
1222 3754 1325 3835 desit,
1335 3762 1372 3823 et
1383 3751 1487 3823 facile
1499 3754 1595 3845 quod
1608 3754 1735 3823 volunt
1746 3775 1826 3844 per-

477 3920 636 3990 suadent.
687 3918 843 3990 Veniens
860 3917 1115 4012 Edinburgum
1132 3916 1299 3987 Rolloeus
1318 3916 1496 3988 Senatum
1506 3918 1711 4008 alloquitur,
1728 3917 1826 3987 facil-

478 4083 562 4152 lime
580 4087 743 4157 intereos
760 4085 950 4155 convenit:
976 4081 1227 4175 praefecturam
1245 4079 1450 4153 Academiae
1469 4083 1628 4173 suscipit,
1644 4103 1753 4171 quam
1774 4082 1827 4148 ita

481 4249 590 4336 gessit
608 4249 781 4339 quamdiu
798 4248 890 4318 vixit
906 4259 948 4318 ut
964 4247 1056 4318 nihil
1077 4268 1236 4337 unquam
1261 4248 1400 4339 majori,
1420 4254 1484 4317 aut
1504 4244 1674 4314 Ecclesiae
1691 4243 1826 4311 emolu·

481 4416 613 4490 mento,
631 4419 696 4480 aut
712 4407 934 4498 Reipublicae
951 4411 1159 4479 ornamento
1176 4409 1329 4477 cesserit.
1380 4407 1544 4477 Calendis
1562 4403 1727 4475 Octobris
1740 4406 1827 4473 anni
