4590 6024
814 818 1028 884 ROBERTI
1051 818 1271 884 ROLLOCI.
1666 831 1713 898 33

373 1056 482 1135 1583,
499 1052 538 1122 in
554 1050 696 1142 publico
713 1048 918 1122 Academiae
934 1051 1112 1122 auditorio
1131 1051 1350 1121 luculentam
1366 1047 1493 1120 habuit
1509 1048 1719 1130 orationem,

370 1212 568 1284 confluente
584 1214 725 1304 copiosa
741 1213 914 1307 cujusque
930 1213 1065 1284 ordinis
1082 1213 1323 1296 multitudine,
1335 1234 1408 1305 qua
1419 1211 1601 1306 egregiam
1612 1211 1669 1282 sui
1681 1210 1721 1280 in

372 1376 501 1448 animis
518 1373 705 1444 hominum
727 1375 999 1446 admirationem
1021 1375 1223 1446 ooncitavit
1274 1373 1466 1457 Postridie,
1488 1374 1552 1465 qui
1574 1374 1649 1444 dies
1666 1373 1721 1442 in·

372 1539 487 1610 dietus
499 1546 577 1609 erat
590 1537 870 1609 adolesoentibus
883 1533 1243 1629 qui'philosophicum
1257 1559 1404 1608 cursum
1417 1543 1618 1608 statuerant
1629 1536 1720 1605 inire

373 1700 419 1770 ad
436 1700 734 1783 eonveniendum,
750 1721 882 1794 magna
898 1721 973 1770 sese
983 1699 1209 1771 offerentium
1219 1700 1413 1771 multitudo
1427 1699 1542 1770 affuit.
1568 1697 1664 1768 Nam
1677 1698 1723 1768 ad

376 1861 510 1933 famam
527 1870 661 1953 apertae
674 1860 879 1955 Edinburgi
891 1859 1096 1931 Academiae
1108 1861 1225 1939 multi,
1238 1882 1311 1931 non
1320 1883 1366 1930 ex
1377 1861 1457 1952 ipsa
1468 1869 1611 1931 tantum
1623 1859 1722 1942 urbe,

377 2025 441 2094 sed
465 2047 511 2095 ex
535 2024 653 2096 vicina
681 2024 790 2095 etiam
815 2023 959 2116 regione
981 2021 1232 2092 confluxerunt
1251 2022 1514 2104 adolesoentes;
1539 2044 1629 2114 quos
1649 2044 1725 2093 om·

380 2206 443 2255 nes
460 2184 628 2256 Rollocus
644 2189 684 2254 in
700 2183 824 2254 Latini
848 2183 1021 2254 sermonis
1036 2183 1194 2274 puritate
1211 2182 1423 2253 addiscenda
1438 2203 1551 2274 usque
1568 2183 1614 2253 ad
1631 2184 1724 2255 diem

381 2348 536 2417 examini
553 2342 790 2418 ‘constitutum
806 2345 1079 2440 diligentissime
1091 2346 1260 2417 exercuit
1296 2344 1432 2416 Habito
1448 2346 1611 2416 examine
1620 2347 1725 2437 pleri-

381 2530 451 2601 que
468 2511 531 2599 qui
547 2510 717 2599 comperti
740 2516 825 2579 sunt
847 2510 893 2579 ad
917 2508 1169 2600 capessendum
1192 2529 1337 2579 cursum
1353 2507 1639 2599 philosophicum
1659 2511 1726 2578 mi·

321 2634 326 2641 ⁶
382 2693 451 2741 nus
467 2672 585 2742 idonei
601 2692 698 2743 curae
713 2669 880 2742 Dunoani
897 2669 1039 2754 Neruii,
1055 2672 1126 2742 viri
1149 2693 1290 2741 morum
1310 2671 1488 2764 elegantia
1507 2680 1543 2740 et
1566 2672 1728 2741 doctrina

382 2833 568 2927 singulari,
585 2828 642 2920 (ut
658 2854 717 2903 eos
734 2829 894 2904 exactius
910 2833 950 2903 in
965 2832 1078 2902 literis
1100 2829 1370 2902 humanioribus
1387 2830 1427 2900 in
1442 2839 1649 2922 sequentem
1666 2853 1728 2901 au-

383 3019 471 3068 num
487 2998 705 3093 institueret)
721 2999 900 3069 oommissi
916 3005 1013 3068 sunt.
1064 2995 1109 3066 ln
1131 2996 1210 3088 ipso
1232 3005 1353 3067 autem
1374 2996 1498 3067 limine
1522 3018 1605 3068 cum
1624 2998 1726 3070 insti-

385 3160 524 3230 tutione
541 3161 763 3252 disciplinam
782 3160 979 3254 conjunxit,
996 3166 1032 3229 et
1048 3160 1234 3250 plerosque
1250 3158 1378 3229 laxiori
1400 3158 1598 3245 trivialium
1618 3157 1725 3232 Scho-

386 3325 502 3393 larum
519 3324 706 3416 disciplina
721 3324 882 3395 effraenes
899 3322 1058 3394 adbibita
1081 3323 1270 3393 severitate
1293 3323 1533 3414 compescuit3
1559 3325 1727 3394 severita-

384 3496 459 3556 tem
475 3475 597 3558 tamen
612 3484 723 3559 insita
737 3487 892 3581 quadam
915 3486 983 3558 sibi
1003 3487 1190 3556 clementia
1211 3487 1405 3577 prudenter
1426 3487 1639 3577 temperavit
1653 3507 1663 3570 ;
1690 3498 1727 3559 et

385 3656 576 3741 utramque
591 3650 773 3745 religionis
790 3649 973 3721 elementis
985 3649 1037 3720 sic
1051 3648 1195 3720 miscuit
1205 3656 1248 3719 ut
1260 3648 1432 3744 guttatim
1445 3650 1583 3720 tenellis
1596 3649 1730 3722 adoles·

385 3813 541 3883 oentium
557 3815 687 3884 animis
702 3815 872 3906 pietatem
888 3814 1087 3885 instillaret
1125 3809 1241 3906 Inque
1251 3834 1330 3884 eam
1342 3833 1419 3883 rem
1435 3813 1586 3907 singulis
1602 3813 1726 3921 diebru

387 3969 533 4042 Saturni
551 3969 646 4061 (cum
663 3977 853 4068 discipulos
870 3976 893 4045 b
908 3997 1012 4046 mane
1028 3975 1075 4046 ad
1091 3975 1276 4046 meridiem
1291 3997 1405 4067 usque
1426 3973 1726 4064 disputationibus

386 4136 613 4229 exercuisset)
631 4137 653 4207 l
667 4139 814 4209 meridie
830 4138 995 4232 preelegit
1007 4136 1231 4218 Quaestiones
1244 4135 1353 4206 Bezae
1369 4137 1408 4207 in
1424 4157 1513 4228 quas
1530 4136 1638 4206 etiam
1651 4135 1729 4207 bre-

388 4318 468 4368 vem
497 4300 661 4393 ennlysin
690 4300 736 4370 ad
768 4301 1022 4391 discipulorum
1055 4299 1263 4370 memoriam
1292 4260 1490 4394 juvandam
1524 4300 1658 4383 edidit3
1688 4302 1728 4373 in

342 4568 347 4577 Ι
386 4462 432 4533 iis
455 4461 564 4535 etiam
586 4464 710 4537 diebus
736 4464 934 4538 Dominicis
961 4464 1007 4536 ab
1033 4463 1124 4536 bora
1148 4463 1300 4556 septima
1324 4464 1503 4537 matutina
1527 4464 1573 4535 ad
1598 4467 1731 4557 sesqui·

1037 4630 1065 4682 n
