4530 6076
892 799 1106 875 ROBERTI
1130 797 1350 863 ROLLOCI.
1784 804 1829 869 31

480 1018 599 1087 studia
614 1018 779 1089 ineunda
824 1018 898 1089 Ubi
916 1017 1114 1112 Collegium
1131 1018 1228 1109 quod
1245 1016 1530 1087 Salvatcriauum
1549 1023 1677 1085 vocant
1693 1015 1828 1108 ingres-

479 1197 552 1260 sus,
563 1198 623 1248 eos
635 1200 842 1274 progressus
859 1177 1035 1272 (Regente
1050 1177 1075 1247 J
1076 1201 1190 1248 oanne
1211 1178 1304 1248 Caro
1321 1178 1400 1247 viro
1424 1176 1677 1268 eruditissimo)
1695 1177 1734 1245 in
1746 1175 1826 1265 phi-

478 1338 648 1429 losophiae
670 1340 798 1411 studiis
820 1340 915 1423 fecit,
938 1350 981 1411 ut
1003 1363 1049 1411 ex
1070 1340 1318 1431 condiscipulis
1339 1340 1443 1431 pauci
1464 1361 1547 1408 eum
1568 1339 1720 1409 assecuti
1742 1339 1826 1418 sint,

478 1521 582 1570 nemo
598 1502 772 1574 anteierit.
824 1502 963 1586 Exacto
984 1504 1053 1574 hoe
1075 1504 1261 1584 curriculo,
1277 1501 1344 1572 etsi
1365 1498 1541 1583 omnibus,
1557 1507 1704 1592 propter
1726 1521 1825 1592 egre-

476 1664 553 1756 gias
565 1686 648 1754 quae
660 1665 700 1735 in
712 1687 754 1735 eo
767 1666 949 1736 enitebant
961 1667 1070 1749 dotes,
1083 1673 1175 1771 esset
1187 1664 1427 1747 charissimus,
1437 1663 1572 1733 vicaria
1584 1671 1705 1732 tamen
1717 1683 1823 1752 opera

474 1824 682 1917 aliquandiu
698 1826 737 1896 in
753 1827 909 1896 docenda
924 1824 1150 1918 philosophia
1165 1824 1311 1896 functus
1328 1834 1393 1907 est,
1405 1824 1516 1895 donec
1532 1833 1680 1894 vacante
1695 1826 1772 1894 loco
1784 1826 1823 1893 in

475 2008 665 2059 numemm
681 1987 921 2080 professorum
942 1989 1178 2081 philosophiae
1195 1990 1341 2058 allectus
1357 1995 1435 2069 est;
1463 1987 1502 2055 in
1518 2009 1590 2078 qua
1605 1985 1822 2078 professione

472 2150 525 2219 ita
536 2172 617 2222 cum
630 2148 864 2241 philosophiae
876 2151 1004 2223 studiis
1017 2153 1186 2244 pietatem
1203 2152 1332 2222 animis
1345 2151 1607 2223 adolescentum
1619 2152 1819 2233 instillavit,

471 2320 513 2380 ut
528 2332 696 2405 magnam
711 2312 794 2383 inde
809 2313 951 2384 laudem
967 2315 1116 2407 adeptus
1133 2316 1192 2398 sit,
1209 2323 1245 2386 et
1262 2313 1407 2405 eoeperit
1429 2313 1541 2404 ipsius
1565 2318 1695 2386 nomen
1710 2315 1819 2385 latids

470 2475 672 2568 propagari.

517 2637 660 2709 Accidit
686 2639 822 2710 intered
847 2649 890 2710 ut
918 2640 1069 2713 Senatus
1104 2642 1389 2738 Edinburgensis
1419 2646 1463 2713 de
1492 2643 1660 2736 erigenda
1688 2640 1817 2712 Emta-

470 2816 598 2870 uuuet
623 2798 860 2872 Acaunum
884 2803 1041 2896 cogitare
1065 2806 1221 2894 coeperit,
1247 2804 1354 2894 idque
1383 2800 1563 2893 praecipue
1588 2802 1816 2894 instigatione

467 2959 616 3032 Jnconr
641 2962 846 3034 ansouu
878 2966 1032 3054 pastoris
1064 2964 1259 3034 fidelissimi
1285 2960 1402 3058 (cujus
1436 2963 1568 3032 eximia
1601 2962 1753 3033 eruditio
1778 2974 1815 3032 et

465 3123 578 3210 pietas
605 3122 715 3215 digna
739 3131 795 3194 est
821 3144 905 3215 quae
933 3124 1096 3194 omnibus
1126 3124 1265 3196 saeculis
1295 3124 1503 3216 celebretur)
1531 3133 1568 3194 et
1595 3122 1815 3195 summm

464 3281 633 3352 Lmnm
651 3285 721 3353 viri
737 3284 970 3377 integerrimi,
986 3294 1023 3357 et
1039 3295 1185 3378 propter
1200 3295 1395 3378 spectatam
1411 3287 1637 3376 prudentiam
1656 3308 1697 3356 ac
1713 3286 1815 3357 forti-

462 3446 622 3515 tudinem
648 3444 784 3517 civibus
810 3446 885 3521 suis
914 3446 1123 3519 charissimi.
1152 3537 1155 3541 ⁸
1177 3449 1357 3543 Cogitatio
1383 3448 1462 3519 haec
1490 3449 1574 3520 hinc
1602 3458 1693 3530 orta,
1717 3451 1815 3541 quod

458 3609 560 3702 regni
573 3607 784 3701 Metropolis
796 3618 898 3692 esset,
910 3617 947 3681 et
960 3612 1257 3683 animadverteret
1271 3611 1423 3684 Senatus
1435 3612 1530 3683 cives
1540 3632 1635 3693 suos,
1647 3634 1720 3682 non
1732 3621 1812 3682 tan·

456 3774 536 3844 tum
553 3776 656 3868 gravi
676 3777 848 3859 molestia,
865 3777 927 3846 sed
948 3798 1078 3870 magno
1100 3778 1209 3847 etiam
1230 3777 1422 3869 impendio,
1444 3777 1574 3849 liberos
1598 3774 1806 3866 Andreapo-

370 4025 371 4028 Ἴ
460 3934 523 4014 lin,
536 3943 599 4003 aut
615 3935 662 4004 ad
677 3936 766 4006 alias
783 3936 997 4008 Academias
1014 3939 1224 4010 erudiendos
1242 3938 1416 4032 ablegare,
1433 3947 1469 4010 et
1485 3939 1582 4029 quod
1597 3937 1810 4029 intelligeret

460 4095 656 4184 complures
669 4095 841 4165 tenuioris
858 4095 1014 4168 fortunae
1026 4098 1078 4167 sic
1089 4100 1258 4199 angustia
1269 4099 1322 4169 rei
1334 4097 1519 4167 familiaris
1531 4097 1645 4188 premi
1654 4105 1697 4165 ut
1707 4105 1808 4166 extra

458 4262 603 4332 domum
616 4283 718 4331 suam
731 4267 897 4351 sumptus
916 4261 1106 4332 educandis
1119 4263 1239 4335 liberis
1252 4263 1403 4334 tolerare
1415 4263 1616 4356 nequirent,
1628 4284 1739 4354 eoque
1751 4286 1808 4334 co-

456 4430 552 4493 actos
568 4426 778 4514 plerumque
793 4421 960 4495 sublimia
976 4424 1120 4518 ingenia
1136 4423 1348 4496 mechanicis
1366 4423 1693 4522 artibusaddicere.
1732 4424 1804 4496 Ubi
