4530 6076
1076 687 1342 757 EPITAPHIA.

964 907 1018 972 Ad
1031 907 1177 971 veritatis
1190 907 1301 972 littora

966 1029 1148 1114 Enavignre
1162 1028 1383 1095 instruxerat?

922 1156 969 1218 At
983 1152 1036 1217 lric
1049 1151 1084 1216 id
1098 1162 1148 1217 est
1162 1151 1370 1230 discriminis,

966 1276 1063 1352 Quod
1076 1285 1171 1340 nocte
1186 1276 1276 1341 sidus
1289 1275 1350 1341 hac
1364 1275 1471 1342 latens

965 1399 1058 1463 Idem
1072 1407 1235 1485 seqururte,
1251 1419 1352 1484 purus
1367 1408 1419 1464 est

966 1521 1004 1585 Si
1018 1521 1160 1609 Jupiter,
1176 1520 1366 1586 renascitur.

923 1643 1088 1720 Rollocus
1105 1641 1189 1708 beu!
1213 1642 1269 1707 sed
1283 1641 1411 1720 occidit,

964 1765 996 1829 N
996 1787 1033 1830 cc
1047 1765 1135 1830 orbis
1149 1774 1225 1830 ante
1239 1765 1417 1830 terminum

965 1886 1108 1965 Redibit,
1124 1886 1152 1974 ej
1157 1910 1194 1952 us
1207 1885 1348 1974 ampliirs

964 2011 1053 2078 Cum
1066 2010 1139 2077 luce
1152 2033 1219 2076 non
1234 2011 1408 2097 egebimus.

921 2136 1016 2203 Nunc
1027 2136 1103 2222 jure
1119 2136 1209 2200 Scoti
1223 2135 1361 2201 dicimur

963 2259 1084 2324 Densis
1097 2258 1240 2325 tenebris
1253 2258 1381 2334 obruti3

965 2381 1038 2446 Hoc
1053 2381 1201 2446 destituti
1214 2381 1319 2446 sidere

954 2501 1051 2576 Quod
1064 2523 1125 2566 nos
1140 2504 1255 2567 beabat
1268 2502 1401 2567 lumine.

1181 2743 1311 2807 Arrun.

864 2866 866 2870 ’
924 2869 1108 2934 Ronnocus
1122 2864 1178 2932 ille
1191 2865 1273 2931 vixit
1287 2864 1371 2932 heul

969 2985 1039 3063 Qui
1053 2984 1218 3052 diffluebat
1232 2985 1347 3051 rivulis

967 3108 1077 3174 Lactis
1090 3108 1252 3196 perennis,
1267 3130 1327 3174 ceu
1340 3130 1456 3195 parens

967 3231 1023 3296 Ad
1035 3230 1216 3317 irrigandos
1229 3230 1357 3296 liberos.

923 3352 1034 3421 Vixit!
1058 3354 1159 3421 fleant
1171 3353 1333 3419 alumnuli

969 3476 1065 3543 Cassi
1078 3478 1132 3564 pie
1145 3476 1206 3540 hec
1220 3475 1381 3551 nutrici03

968 3598 1013 3662 Et
1027 3597 1131 3661 imbre
1145 3596 1283 3659 fletuum
1295 3596 1403 3678 rigent

968 3715 1120 3783 Subolem
1134 3738 1193 3781 suu
1202 3714 1407 3780 incunabula.

924 3840 1099 3920 Probata,
1116 3838 1223 3918 melle,
1238 3847 1380 3917 nectare,

969 3965 1068 4043 Quod
1080 3988 1136 4032 ore
1150 3965 1192 4032 ab
1206 3963 1276 4051 ejus
1290 3960 1457 4030 hauserint

967 4089 1063 4156 Nunc
1077 4112 1150 4156 rore
1164 4087 1259 4167 salse,
1276 4098 1309 4154 et
1323 4086 1497 4175 lachrymis

925 4213 1008 4300 Ejus
1021 4223 1193 4303 parentent
1206 4211 1365 4278 manibus.
