4530 6076
813 771 1026 836 sonuum
1049 772 1269 838 nonnosi.
1687 781 1738 855 ³⁷

383 1005 556 1087 nationes,
569 1005 741 1075 salutares
758 1005 862 1088 eruit,
879 1027 953 1075 non
969 1005 1143 1075 sermonis
1159 1004 1243 1075 fuco
1259 1003 1439 1085 obductas,
1452 1023 1577 1072 verum
1594 1010 1734 1074 senten·

380 1171 513 1240 tiarum
525 1171 680 1262 pondere
696 1191 737 1240 ac
752 1170 930 1263 gravitate
947 1169 1100 1240 efficaces
1117 1169 1163 1239 ad
1179 1168 1456 1239 adolescentium
1470 1168 1609 1238 animos
1622 1169 1731 1237 emol-

380 1333 526 1414 liendas,
535 1332 771 1403 instituendos
787 1340 823 1402 et
834 1332 880 1402 ad
895 1331 1167 1403 sanctimoniam
1179 1318 1428 1401 efformandos.
1455 1328 1577 1422 Hujus
1587 1329 1732 1420 praelec-

381 1499 488 1568 tionis
512 1507 616 1570 tanta
639 1499 711 1571 fuit
732 1499 885 1569 efficacia
905 1506 948 1568 ut
970 1520 1013 1568 ea
1034 1499 1309 1569 adolescentium
1333 1497 1445 1568 animi
1466 1493 1600 1568 arctius
1620 1517 1730 1588 quam

379 1660 551 1752 asperiori
566 1661 688 1752 aliqua
702 1662 889 1753 disciplina
904 1662 944 1732 in
961 1660 1073 1731 officio
1089 1661 1366 1731 continerentur.
1390 1657 1569 1730 Absoluta
1584 1660 1729 1751 praelee,

379 1824 478 1893 tione
506 1826 658 1895 scrutari
682 1825 809 1896 deinde
834 1826 941 1917 coepit
965 1847 1011 1895 ex
1035 1825 1250 1907 censoribus,
1266 1845 1356 1916 quos
1379 1824 1425 1894 ad
1453 1824 1592 1894 delicta
1607 1824 1730 1919 singu·
1844 1782 1847 1786 .

379 1988 496 2057 lorum
513 1986 552 2057 in
568 1985 643 2059 suis
659 1986 830 2058 classibus
846 1987 1067 2058 observanda
1091 1984 1305 2069 nominarat,
1330 2007 1419 2079 quos
1444 2007 1488 2056 ea
1508 1985 1730 2066 hebdomada

352 2229 357 2238 ἲ
380 2152 564 2222 notdssent
579 2151 848 2242 delinquentes:
875 2150 1010 2219 delatos
1033 2170 1174 2218 summa
1195 2147 1407 2218 dexteritate
1427 2148 1615 2240 increpuit,
1635 2149 1728 2218 iram

378 2310 448 2381 Dei
464 2318 547 2382 ante
564 2312 683 2383 oculos
699 2312 895 2403 proposuit,
912 2312 1091 2382 dedecoris
1111 2318 1212 2381 metu
1231 2311 1402 2381 attonitos
1423 2310 1578 2381 reddidit
1594 2307 1725 2403 quibus

378 2475 460 2563 plus
476 2475 523 2546 ad
538 2474 773 2566 penitentiam
789 2482 827 2545 et
842 2475 930 2546 vitae
947 2474 1232 2545 emendationem
1254 2474 1350 2565 apud
1371 2496 1431 2544 eos
1454 2472 1604 2565 profecit
1620 2472 1729 2567 quam

378 2638 409 2707 si
428 2638 525 2710 mille
540 2639 665 2732 plagas
681 2637 879 2709 inflixisset
921 2637 1061 2720 Quibus
1078 2638 1174 2708 enim
1188 2639 1340 2709 aliorum
1353 2658 1418 2708 nec
1434 2637 1553 2720 verba,
1570 2659 1634 2709 nec
1650 2596 1734 2709 ver-⁸

375 2801 462 2872 bera
477 2802 635 2872 dolorem
656 2801 794 2884 afferre,
818 2803 994 2894 lacrymas
1016 2809 1181 2872 excutere
1201 2800 1411 2892 quivissent,
1432 2801 1608 2869 coelestcm
1632 2800 1726 2873 irem

377 2964 586 3047 intonando,
610 2962 750 3034 blandis
778 2964 962 3054 promissis
989 2963 1185 3045 mulcendo,
1211 2963 1262 3032 sic
1286 2984 1345 3033 eos
1370 2963 1510 3045 terruit,
1536 2964 1724 3047 concussit,

376 3127 583 3218 prostravit,
598 3136 643 3197 ut
663 3127 828 3217 suspiria,
852 3126 1044 3219 singutas,
1067 3126 1249 3196 interdum
1272 3125 1382 3196 etiam
1403 3124 1726 3199 fletusuberrimos

376 3296 609 3380 expromeret
661 3286 758 3358 Illud
773 3294 894 3358 autem
908 3288 947 3358 in
963 3309 1005 3358 eo
1021 3285 1092 3358 fuit
1108 3288 1248 3382 insigne
1266 3288 1362 3380 quod
1379 3289 1455 3359 sive
1471 3288 1723 3380 promissiones

377 3449 597 3542 evangelicas
613 3457 837 3541 proponeret,
852 3450 929 3520 sive
945 3444 1067 3520 severe
1078 3449 1215 3543 judicia
1236 3449 1474 3532 minitaretur,
1491 3451 1545 3521 ita
1559 3471 1597 3520 se
1614 3452 1725 3522 inter·

376 3613 464 3684 dum
480 3612 589 3683 etiam
601 3613 810 3706 nequissimi
822 3614 942 3684 animo
955 3609 1139 3702 (adversus
1153 3623 1261 3706 quem
1272 3608 1583 3687 vehementissime
1595 3564 1723 3689 excan-

377 3777 527 3869 duisset)
543 3777 741 3848 insinuavit
756 3785 799 3848 ut
815 3775 1002 3868 profusum
1018 3779 1097 3871 ejus
1113 3778 1152 3848 in
1168 3800 1207 3850 se
1219 3799 1376 3851 amorem
1390 3779 1591 3863 derivaret3
1608 3802 1724 3874 neque

329 3962 333 3969 ·
377 3947 452 4008 tam
467 3945 568 4008 metu
583 3938 692 4030 quim
709 3960 829 4010 amore
845 3940 892 4011 ad
911 3942 1117 4012 ultroneum
1139 3939 1349 4032 obsequium
1369 3942 1580 4012 traduceret
1630 3939 1724 4012 Con·

224 4178 227 4184 ,
377 4102 495 4172 suevit
511 4100 619 4170 etiam
635 4101 786 4194 singulis
811 4100 1052 4184 hebdomadis,
1069 4103 1126 4171 vel
1149 4110 1193 4171 ut
1216 4102 1351 4172 omasio
1373 4100 1519 4184 serebat,
1544 4101 1722 4197 Repentes

378 4284 582 4346 convocare,
599 4270 641 4334 ut
657 4263 753 4332 inter
768 4283 807 4332 se
823 4260 1036 4332 conferendo
1047 4263 1291 4333 consultarent
1302 4270 1339 4334 et
1355 4262 1568 4354 dispicerent
1584 4265 1615 4336 si
1632 4265 1720 4358 quid

379 4425 629 4500 reformatione
645 4445 735 4518 opus
749 4422 907 4508 baberet,
923 4432 987 4496 aut
1002 4425 1042 4496 in
1057 4423 1185 4497 melius
1196 4425 1330 4497 mutan'
1342 4434 1484 4518 posset:
1500 4447 1573 4518 quo
1584 4426 1720 4501 sermm
