<?xml version="1.0" encoding="UTF-8"?>
<!DOCTYPE html PUBLIC "-//W3C//DTD XHTML 1.0 Transitional//EN"
    "http://www.w3.org/TR/xhtml1/DTD/xhtml1-transitional.dtd">
<html xmlns="http://www.w3.org/1999/xhtml" xml:lang="en" lang="en">
 <head>
  <title>
</title>
<meta http-equiv="Content-Type" content="text/html;charset=utf-8" />
  <meta name='ocr-system' content='tesseract 3.04.00' />
  <meta name='ocr-capabilities' content='ocr_page ocr_carea ocr_par ocr_line ocrx_word'/>
</head>
<body>
  <div class='ocr_page' id='page_1' title='image "./devitaetmortero00chargoog_0023.png"; bbox 0 0 4530 6076; ppageno 0'>
   <div class='ocr_carea' id='block_1_1' title="bbox 422 797 1287 871">
    <p class='ocr_par' dir='ltr' id='par_1_1' title="bbox 422 797 1287 871">
     <span class='ocr_line' id='line_1_1' title="bbox 422 797 1287 871; baseline 0 -12"><span class='ocrx_word' id='word_1_1' title='bbox 422 808 444 871; x_wconf 88' lang='lat'>8</span> <span class='ocrx_word' id='word_1_2' title='bbox 931 797 1050 861; x_wconf 84' lang='lat' dir='ltr'>VITA</span> <span class='ocrx_word' id='word_1_3' title='bbox 1070 797 1135 861; x_wconf 82' lang='lat' dir='ltr'>ET</span> <span class='ocrx_word' id='word_1_4' title='bbox 1158 797 1287 861; x_wconf 74' lang='lat' dir='ltr'>Mons</span> 
     </span>
    </p>
   </div>
   <div class='ocr_carea' id='block_1_2' title="bbox 467 976 1754 1121">
    <p class='ocr_par' dir='ltr' id='par_1_2' title="bbox 467 976 1754 1121">
     <span class='ocr_line' id='line_1_2' title="bbox 467 976 1754 1121; baseline 0.002 -21"><span class='ocrx_word' id='word_1_5' title='bbox 467 1031 595 1101; x_wconf 91' lang='lat' dir='ltr'>Visum</span> <span class='ocrx_word' id='word_1_6' title='bbox 615 1030 741 1099; x_wconf 88' lang='lat' dir='ltr'>deinde</span> <span class='ocrx_word' id='word_1_7' title='bbox 768 1028 914 1099; x_wconf 88' lang='lat' dir='ltr'>Senatui</span> <span class='ocrx_word' id='word_1_8' title='bbox 940 976 1094 1120; x_wconf 86' lang='lat' dir='ltr'>quatuor</span> <span class='ocrx_word' id='word_1_9' title='bbox 1120 1027 1359 1119; x_wconf 77' lang='lat' dir='ltr'>Philosophiae</span> <span class='ocrx_word' id='word_1_10' title='bbox 1385 1030 1608 1121; x_wconf 78' lang='lat' dir='ltr'>professores,</span> <span class='ocrx_word' id='word_1_11' title='bbox 1637 1035 1754 1103; x_wconf 90' lang='lat' dir='ltr'>erudi-</span> 
     </span>
    </p>
   </div>
   <div class='ocr_carea' id='block_1_3' title="bbox 418 1190 1771 4353">
    <p class='ocr_par' dir='ltr' id='par_1_3' title="bbox 418 1190 1771 2093">
     <span class='ocr_line' id='line_1_3' title="bbox 419 1190 1771 1285; baseline 0.003 -23"><span class='ocrx_word' id='word_1_12' title='bbox 419 1194 525 1273; x_wconf 87' lang='lat' dir='ltr'><strong>tione,</strong></span> <span class='ocrx_word' id='word_1_13' title='bbox 537 1212 677 1262; x_wconf 93' lang='lat' dir='ltr'>morum</span> <span class='ocrx_word' id='word_1_14' title='bbox 693 1192 819 1273; x_wconf 84' lang='lat' dir='ltr'>nitore,</span> <span class='ocrx_word' id='word_1_15' title='bbox 835 1190 1025 1282; x_wconf 87' lang='lat' dir='ltr'>prudentia</span> <span class='ocrx_word' id='word_1_16' title='bbox 1040 1190 1262 1285; x_wconf 82' lang='lat' dir='ltr'>insigniores,</span> <span class='ocrx_word' id='word_1_17' title='bbox 1275 1190 1471 1261; x_wconf 74' lang='lat' dir='ltr'>Rouuoco</span> <span class='ocrx_word' id='word_1_18' title='bbox 1485 1194 1651 1277; x_wconf 84' lang='lat' dir='ltr'>suffioere,</span> <span class='ocrx_word' id='word_1_19' title='bbox 1668 1198 1771 1266; x_wconf 38' lang='lat' dir='ltr'>clas-¹</span> 
     </span>
     <span class='ocr_line' id='line_1_4' title="bbox 420 1311 1757 1446; baseline 0.003 -24"><span class='ocrx_word' id='word_1_20' title='bbox 420 1352 517 1423; x_wconf 88' lang='lat' dir='ltr'>sibus</span> <span class='ocrx_word' id='word_1_21' title='bbox 545 1351 800 1444; x_wconf 91' lang='lat' dir='ltr'>Philosophicis</span> <span class='ocrx_word' id='word_1_22' title='bbox 832 1351 1019 1444; x_wconf 83' lang='lat' dir='ltr'>praeficere,</span> <span class='ocrx_word' id='word_1_23' title='bbox 1055 1353 1117 1444; x_wconf 92' lang='lat' dir='ltr'>qui</span> <span class='ocrx_word' id='word_1_24' title='bbox 1146 1352 1223 1446; x_wconf 88' lang='lat' dir='ltr'>ejus</span> <span class='ocrx_word' id='word_1_25' title='bbox 1248 1311 1408 1442; x_wconf 87' lang='lat' dir='ltr'>imperio</span> <span class='ocrx_word' id='word_1_26' title='bbox 1430 1373 1470 1421; x_wconf 86' lang='lat' dir='ltr'>ac</span> <span class='ocrx_word' id='word_1_27' title='bbox 1502 1362 1595 1422; x_wconf 90' lang='lat' dir='ltr'>nutu</span> <span class='ocrx_word' id='word_1_28' title='bbox 1621 1354 1757 1426; x_wconf 85' lang='lat' dir='ltr'>Acade·</span> 
     </span>
     <span class='ocr_line' id='line_1_5' title="bbox 418 1513 1757 1606; baseline -0.001 -20"><span class='ocrx_word' id='word_1_29' title='bbox 418 1519 526 1586; x_wconf 91' lang='lat' dir='ltr'>miam</span> <span class='ocrx_word' id='word_1_30' title='bbox 547 1516 846 1585; x_wconf 80' lang='lat' dir='ltr'>administrarent.</span> <span class='ocrx_word' id='word_1_31' title='bbox 896 1513 956 1585; x_wconf 82' lang='lat' dir='ltr'>Ex</span> <span class='ocrx_word' id='word_1_32' title='bbox 975 1515 1020 1585; x_wconf 90' lang='lat' dir='ltr'>iis</span> <span class='ocrx_word' id='word_1_33' title='bbox 1044 1522 1163 1584; x_wconf 86' lang='lat' dir='ltr'>autem</span> <span class='ocrx_word' id='word_1_34' title='bbox 1188 1535 1278 1606; x_wconf 87' lang='lat' dir='ltr'>quos</span> <span class='ocrx_word' id='word_1_35' title='bbox 1299 1513 1505 1605; x_wconf 70' lang='lat' dir='ltr'>nuperrime</span> <span class='ocrx_word' id='word_1_36' title='bbox 1524 1516 1645 1585; x_wconf 87' lang='lat' dir='ltr'>laurea</span> <span class='ocrx_word' id='word_1_37' title='bbox 1665 1517 1757 1585; x_wconf 89' lang='lat' dir='ltr'>redi·</span> 
     </span>
     <span class='ocr_line' id='line_1_6' title="bbox 420 1673 1753 1771; baseline 0 -25"><span class='ocrx_word' id='word_1_38' title='bbox 420 1678 558 1757; x_wconf 89' lang='lat' dir='ltr'>mierat,</span> <span class='ocrx_word' id='word_1_39' title='bbox 573 1685 727 1767; x_wconf 91' lang='lat' dir='ltr'>quatuor</span> <span class='ocrx_word' id='word_1_40' title='bbox 742 1676 805 1766; x_wconf 91' lang='lat' dir='ltr'>qui</span> <span class='ocrx_word' id='word_1_41' title='bbox 826 1673 921 1745; x_wconf 84' lang='lat' dir='ltr'>facto</span> <span class='ocrx_word' id='word_1_42' title='bbox 939 1676 1101 1745; x_wconf 80' lang='lat' dir='ltr'>examine</span> <span class='ocrx_word' id='word_1_43' title='bbox 1125 1676 1270 1768; x_wconf 89' lang='lat' dir='ltr'>reliquis</span> <span class='ocrx_word' id='word_1_44' title='bbox 1293 1678 1545 1768; x_wconf 71' lang='lat' dir='ltr'>praeluxerunt,</span> <span class='ocrx_word' id='word_1_45' title='bbox 1562 1678 1753 1771; x_wconf 79' lang='lat' dir='ltr'>eligtmtur.</span> 
     </span>
     <span class='ocr_line' id='line_1_7' title="bbox 423 1837 1756 1931; baseline 0.004 -26"><span class='ocrx_word' id='word_1_46' title='bbox 423 1837 473 1907; x_wconf 92' lang='lat' dir='ltr'>Hi</span> <span class='ocrx_word' id='word_1_47' title='bbox 483 1838 672 1931; x_wconf 76' lang='lat' dir='ltr'>gressibus,</span> <span class='ocrx_word' id='word_1_48' title='bbox 685 1859 766 1906; x_wconf 91' lang='lat' dir='ltr'>cum</span> <span class='ocrx_word' id='word_1_49' title='bbox 779 1837 959 1919; x_wconf 84' lang='lat' dir='ltr'>doctrinae,</span> <span class='ocrx_word' id='word_1_50' title='bbox 970 1846 1046 1907; x_wconf 92' lang='lat' dir='ltr'>tum</span> <span class='ocrx_word' id='word_1_51' title='bbox 1061 1837 1267 1928; x_wconf 79' lang='lat' dir='ltr'>disciplinae‚</span> <span class='ocrx_word' id='word_1_52' title='bbox 1278 1838 1465 1910; x_wconf 74' lang='lat' dir='ltr'>Ronnom</span> <span class='ocrx_word' id='word_1_53' title='bbox 1478 1841 1683 1912; x_wconf 75' lang='lat' dir='ltr'>insistentes</span> <span class='ocrx_word' id='word_1_54' title='bbox 1696 1842 1756 1910; x_wconf 90' lang='lat' dir='ltr'>de-</span> 
     </span>
     <span class='ocr_line' id='line_1_8' title="bbox 422 1999 1754 2093; baseline -0.001 -23"><span class='ocrx_word' id='word_1_55' title='bbox 422 2001 625 2072; x_wconf 87' lang='lat' dir='ltr'>mandatam</span> <span class='ocrx_word' id='word_1_56' title='bbox 650 1999 959 2091; x_wconf 84' lang='lat' dir='ltr'>sibiprovinciam</span> <span class='ocrx_word' id='word_1_57' title='bbox 975 1999 1118 2093; x_wconf 81' lang='lat' dir='ltr'>egregia</span> <span class='ocrx_word' id='word_1_58' title='bbox 1141 1999 1210 2069; x_wconf 86' lang='lat' dir='ltr'>fide</span> <span class='ocrx_word' id='word_1_59' title='bbox 1235 2020 1276 2070; x_wconf 90' lang='lat' dir='ltr'>ac</span> <span class='ocrx_word' id='word_1_60' title='bbox 1295 2001 1473 2071; x_wconf 85' lang='lat' dir='ltr'>industria</span> <span class='ocrx_word' id='word_1_61' title='bbox 1494 2002 1754 2071; x_wconf 83' lang='lat' dir='ltr'>administrent.</span> 
     </span>
    </p>

    <p class='ocr_par' dir='ltr' id='par_1_4' title="bbox 424 2160 1766 4353">
     <span class='ocr_line' id='line_1_9' title="bbox 470 2160 1756 2246; baseline 0.002 -13"><span class='ocrx_word' id='word_1_62' title='bbox 470 2163 667 2235; x_wconf 80' lang='lat' dir='ltr'>Romooo</span> <span class='ocrx_word' id='word_1_63' title='bbox 677 2163 821 2233; x_wconf 83' lang='lat' dir='ltr'>interim</span> <span class='ocrx_word' id='word_1_64' title='bbox 837 2164 947 2233; x_wconf 88' lang='lat' dir='ltr'>totius</span> <span class='ocrx_word' id='word_1_65' title='bbox 963 2160 1169 2233; x_wconf 81' lang='lat' dir='ltr'>Academiae</span> <span class='ocrx_word' id='word_1_66' title='bbox 1185 2185 1270 2234; x_wconf 89' lang='lat' dir='ltr'>cura</span> <span class='ocrx_word' id='word_1_67' title='bbox 1279 2163 1450 2246; x_wconf 86' lang='lat' dir='ltr'>incubuit,</span> <span class='ocrx_word' id='word_1_68' title='bbox 1467 2165 1519 2235; x_wconf 90' lang='lat' dir='ltr'>illi</span> <span class='ocrx_word' id='word_1_69' title='bbox 1536 2166 1630 2235; x_wconf 87' lang='lat' dir='ltr'>enim</span> <span class='ocrx_word' id='word_1_70' title='bbox 1648 2166 1756 2234; x_wconf 92' lang='lat' dir='ltr'>moris</span> 
     </span>
     <span class='ocr_line' id='line_1_10' title="bbox 424 2319 1759 2420; baseline 0.001 -27"><span class='ocrx_word' id='word_1_71' title='bbox 424 2334 510 2405; x_wconf 89' lang='lat' dir='ltr'>erat,</span> <span class='ocrx_word' id='word_1_72' title='bbox 520 2325 679 2416; x_wconf 82' lang='lat' dir='ltr'>singulas</span> <span class='ocrx_word' id='word_1_73' title='bbox 688 2324 814 2392; x_wconf 88' lang='lat' dir='ltr'>classes</span> <span class='ocrx_word' id='word_1_74' title='bbox 823 2319 932 2405; x_wconf 88' lang='lat' dir='ltr'>adire,</span> <span class='ocrx_word' id='word_1_75' title='bbox 940 2324 1163 2416; x_wconf 75' lang='lat' dir='ltr'>singulorum</span> <span class='ocrx_word' id='word_1_76' title='bbox 1173 2325 1406 2408; x_wconf 78' lang='lat' dir='ltr'>sedulitatem,</span> <span class='ocrx_word' id='word_1_77' title='bbox 1419 2328 1759 2420; x_wconf 79' lang='lat' dir='ltr'>pm&#39;gressusinstu·</span> 
     </span>
     <span class='ocr_line' id='line_1_11' title="bbox 424 2483 1758 2580; baseline 0.004 -26"><span class='ocrx_word' id='word_1_78' title='bbox 424 2486 503 2566; x_wconf 89' lang='lat' dir='ltr'>diis,</span> <span class='ocrx_word' id='word_1_79' title='bbox 520 2483 716 2563; x_wconf 85' lang='lat' dir='ltr'>observare,</span> <span class='ocrx_word' id='word_1_80' title='bbox 732 2483 764 2552; x_wconf 92' lang='lat' dir='ltr'>si</span> <span class='ocrx_word' id='word_1_81' title='bbox 781 2503 864 2574; x_wconf 75' lang='lat' dir='ltr'>quse</span> <span class='ocrx_word' id='word_1_82' title='bbox 879 2483 1023 2553; x_wconf 85' lang='lat' dir='ltr'>turbida</span> <span class='ocrx_word' id='word_1_83' title='bbox 1032 2484 1253 2566; x_wconf 85' lang='lat' dir='ltr'>excidissent,</span> <span class='ocrx_word' id='word_1_84' title='bbox 1269 2488 1412 2578; x_wconf 79' lang='lat' dir='ltr'>egregia</span> <span class='ocrx_word' id='word_1_85' title='bbox 1427 2489 1606 2558; x_wconf 82' lang='lat' dir='ltr'>celeritate</span> <span class='ocrx_word' id='word_1_86' title='bbox 1620 2511 1661 2558; x_wconf 83' lang='lat' dir='ltr'>ac</span> <span class='ocrx_word' id='word_1_87' title='bbox 1673 2510 1758 2580; x_wconf 90' lang='lat' dir='ltr'>pru·</span> 
     </span>
     <span class='ocr_line' id='line_1_12' title="bbox 425 2644 1757 2740; baseline 0.002 -24"><span class='ocrx_word' id='word_1_88' title='bbox 425 2647 545 2717; x_wconf 80' lang='lat' dir='ltr'>dentis</span> <span class='ocrx_word' id='word_1_89' title='bbox 554 2644 971 2737; x_wconf 66' lang='lat' dir='ltr'>componereuniversos,</span> <span class='ocrx_word' id='word_1_90' title='bbox 981 2646 1140 2738; x_wconf 82' lang='lat' dir='ltr'>singulos</span> <span class='ocrx_word' id='word_1_91' title='bbox 1150 2645 1604 2736; x_wconf 84' lang='lat' dir='ltr'>adperstanduminofficio</span> <span class='ocrx_word' id='word_1_92' title='bbox 1614 2649 1757 2740; x_wconf 78' lang='lat' dir='ltr'>erigere.</span> 
     </span>
     <span class='ocr_line' id='line_1_13' title="bbox 424 2805 1758 2892; baseline -0.001 -11"><span class='ocrx_word' id='word_1_93' title='bbox 424 2810 590 2892; x_wconf 83' lang='lat' dir='ltr'>Quotidie</span> <span class='ocrx_word' id='word_1_94' title='bbox 612 2808 776 2879; x_wconf 92' lang='lat' dir='ltr'>omnibus</span> <span class='ocrx_word' id='word_1_95' title='bbox 798 2808 837 2878; x_wconf 91' lang='lat' dir='ltr'>in</span> <span class='ocrx_word' id='word_1_96' title='bbox 857 2806 1075 2878; x_wconf 80' lang='lat' dir='ltr'>auditorium</span> <span class='ocrx_word' id='word_1_97' title='bbox 1100 2808 1311 2890; x_wconf 85' lang='lat' dir='ltr'>convocatis,</span> <span class='ocrx_word' id='word_1_98' title='bbox 1335 2809 1474 2879; x_wconf 82' lang='lat' dir='ltr'>intenso</span> <span class='ocrx_word' id='word_1_99' title='bbox 1499 2805 1609 2888; x_wconf 88' lang='lat' dir='ltr'>animi</span> <span class='ocrx_word' id='word_1_100' title='bbox 1634 2809 1758 2879; x_wconf 83' lang='lat' dir='ltr'>ardore</span> 
     </span>
     <span class='ocr_line' id='line_1_14' title="bbox 425 2968 1761 3066; baseline -0.001 -24"><span class='ocrx_word' id='word_1_101' title='bbox 425 2994 543 3062; x_wconf 87' lang='lat' dir='ltr'>preces</span> <span class='ocrx_word' id='word_1_102' title='bbox 560 2974 635 3063; x_wconf 92' lang='lat' dir='ltr'>ipse</span> <span class='ocrx_word' id='word_1_103' title='bbox 647 2970 855 3043; x_wconf 80' lang='lat' dir='ltr'>celebrabat</span> <span class='ocrx_word' id='word_1_104' title='bbox 888 2968 1006 3041; x_wconf 92' lang='lat' dir='ltr'>Unius</span> <span class='ocrx_word' id='word_1_105' title='bbox 1016 2971 1086 3041; x_wconf 89' lang='lat' dir='ltr'>diei</span> <span class='ocrx_word' id='word_1_106' title='bbox 1099 2970 1274 3066; x_wconf 85' lang='lat' dir='ltr'>cujusque</span> <span class='ocrx_word' id='word_1_107' title='bbox 1285 2970 1515 3043; x_wconf 79' lang='lat' dir='ltr'>hebdomadae</span> <span class='ocrx_word' id='word_1_108' title='bbox 1527 2973 1700 3044; x_wconf 87' lang='lat' dir='ltr'>delectum</span> <span class='ocrx_word' id='word_1_109' title='bbox 1709 2970 1761 3041; x_wconf 86' lang='lat' dir='ltr'>fe-</span> 
     </span>
     <span class='ocr_line' id='line_1_15' title="bbox 424 3133 1759 3227; baseline 0.002 -26"><span class='ocrx_word' id='word_1_110' title='bbox 424 3134 483 3213; x_wconf 72' lang='lat' dir='ltr'>cit,</span> <span class='ocrx_word' id='word_1_111' title='bbox 493 3153 565 3224; x_wconf 88' lang='lat' dir='ltr'>quo</span> <span class='ocrx_word' id='word_1_112' title='bbox 575 3133 756 3223; x_wconf 89' lang='lat' dir='ltr'>discipulis</span> <span class='ocrx_word' id='word_1_113' title='bbox 768 3133 842 3202; x_wconf 89' lang='lat' dir='ltr'>suis</span> <span class='ocrx_word' id='word_1_114' title='bbox 854 3133 1019 3206; x_wconf 88' lang='lat' dir='ltr'>omnibus</span> <span class='ocrx_word' id='word_1_115' title='bbox 1031 3133 1249 3216; x_wconf 86' lang='lat' dir='ltr'>coeuntibus,</span> <span class='ocrx_word' id='word_1_116' title='bbox 1261 3142 1402 3206; x_wconf 84' lang='lat' dir='ltr'>textum</span> <span class='ocrx_word' id='word_1_117' title='bbox 1411 3133 1564 3226; x_wconf 87' lang='lat' dir='ltr'>aliquem</span> <span class='ocrx_word' id='word_1_118' title='bbox 1573 3135 1759 3227; x_wconf 83' lang='lat' dir='ltr'>scripturae</span> 
     </span>
     <span class='ocr_line' id='line_1_16' title="bbox 425 3293 1760 3387; baseline 0.004 -23"><span class='ocrx_word' id='word_1_119' title='bbox 425 3297 676 3387; x_wconf 84' lang='lat' dir='ltr'>interpretatus</span> <span class='ocrx_word' id='word_1_120' title='bbox 698 3303 765 3377; x_wconf 82' lang='lat' dir='ltr'>est,</span> <span class='ocrx_word' id='word_1_121' title='bbox 786 3295 883 3364; x_wconf 85' lang='lat' dir='ltr'>unde</span> <span class='ocrx_word' id='word_1_122' title='bbox 902 3293 1130 3379; x_wconf 84' lang='lat' dir='ltr'>hortationes,</span> <span class='ocrx_word' id='word_1_123' title='bbox 1153 3299 1443 3371; x_wconf 82' lang='lat' dir='ltr'>comminationes</span> <span class='ocrx_word' id='word_1_124' title='bbox 1465 3299 1636 3370; x_wconf 74' lang='lat' dir='ltr'>salutares</span> <span class='ocrx_word' id='word_1_125' title='bbox 1656 3300 1760 3381; x_wconf 74' lang='lat' dir='ltr'>eruit</span> 
     </span>
     <span class='ocr_line' id='line_1_17' title="bbox 428 3455 1762 3551; baseline 0.001 -24"><span class='ocrx_word' id='word_1_126' title='bbox 428 3481 500 3528; x_wconf 91' lang='lat' dir='ltr'>non</span> <span class='ocrx_word' id='word_1_127' title='bbox 516 3459 686 3528; x_wconf 90' lang='lat' dir='ltr'>sermonis</span> <span class='ocrx_word' id='word_1_128' title='bbox 703 3455 980 3538; x_wconf 82' lang='lat' dir='ltr'>fucoobductas,</span> <span class='ocrx_word' id='word_1_129' title='bbox 996 3476 1121 3526; x_wconf 82' lang='lat' dir='ltr'>verum</span> <span class='ocrx_word' id='word_1_130' title='bbox 1143 3462 1397 3530; x_wconf 81' lang='lat' dir='ltr'>sententionrm</span> <span class='ocrx_word' id='word_1_131' title='bbox 1417 3461 1571 3549; x_wconf 88' lang='lat' dir='ltr'>pondere</span> <span class='ocrx_word' id='word_1_132' title='bbox 1586 3483 1627 3529; x_wconf 89' lang='lat' dir='ltr'>ac</span> <span class='ocrx_word' id='word_1_133' title='bbox 1643 3461 1762 3551; x_wconf 78' lang='lat' dir='ltr'>gravi·</span> 
     </span>
     <span class='ocr_line' id='line_1_18' title="bbox 427 3616 1761 3711; baseline -0.004 -19"><span class='ocrx_word' id='word_1_134' title='bbox 427 3631 501 3692; x_wconf 86' lang='lat' dir='ltr'>tate</span> <span class='ocrx_word' id='word_1_135' title='bbox 516 3619 670 3690; x_wconf 84' lang='lat' dir='ltr'>efficaces</span> <span class='ocrx_word' id='word_1_136' title='bbox 690 3618 735 3687; x_wconf 92' lang='lat' dir='ltr'>ad</span> <span class='ocrx_word' id='word_1_137' title='bbox 755 3619 936 3711; x_wconf 75' lang='lat' dir='ltr'>¹juvenum·</span> <span class='ocrx_word' id='word_1_138' title='bbox 951 3616 1342 3698; x_wconf 85' lang='lat' dir='ltr'>animesemolliendos,</span> <span class='ocrx_word' id='word_1_139' title='bbox 1362 3639 1403 3686; x_wconf 90' lang='lat' dir='ltr'>ac</span> <span class='ocrx_word' id='word_1_140' title='bbox 1427 3617 1481 3686; x_wconf 67' lang='lat' dir='ltr'>ad*</span> <span class='ocrx_word' id='word_1_141' title='bbox 1492 3618 1761 3687; x_wconf 85' lang='lat' dir='ltr'>sanctimoniam</span> 
     </span>
     <span class='ocr_line' id='line_1_19' title="bbox 427 3776 1763 3873; baseline -0.004 -20"><span class='ocrx_word' id='word_1_142' title='bbox 427 3780 685 3853; x_wconf 82' lang='lat' dir='ltr'>efformandos:</span> <span class='ocrx_word' id='word_1_143' title='bbox 710 3778 895 3873; x_wconf 90' lang='lat' dir='ltr'>nonquod</span> <span class='ocrx_word' id='word_1_144' title='bbox 905 3776 1064 3849; x_wconf 39' lang='lat' dir='ltr'>&gt;defuerit</span> <span class='ocrx_word' id='word_1_145' title='bbox 1079 3778 1112 3849; x_wconf 92' lang='lat' dir='ltr'>ei</span> <span class='ocrx_word' id='word_1_146' title='bbox 1135 3786 1296 3868; x_wconf 84' lang='lat' dir='ltr'>comptus</span> <span class='ocrx_word' id='word_1_147' title='bbox 1311 3798 1355 3848; x_wconf 81' lang='lat' dir='ltr'>ee</span> <span class='ocrx_word' id='word_1_148' title='bbox 1372 3777 1489 3848; x_wconf 87' lang='lat' dir='ltr'>cultus</span> <span class='ocrx_word' id='word_1_149' title='bbox 1509 3794 1636 3859; x_wconf 90' lang='lat' dir='ltr'>sermo,</span> <span class='ocrx_word' id='word_1_150' title='bbox 1654 3779 1693 3848; x_wconf 90' lang='lat' dir='ltr'>in</span> <span class='ocrx_word' id='word_1_151' title='bbox 1709 3799 1763 3847; x_wconf 88' lang='lat' dir='ltr'>rs-</span> 
     </span>
     <span class='ocr_line' id='line_1_20' title="bbox 429 3939 1762 4035; baseline -0.005 -16"><span class='ocrx_word' id='word_1_152' title='bbox 429 3947 495 4019; x_wconf 89' lang='lat' dir='ltr'>bus</span> <span class='ocrx_word' id='word_1_153' title='bbox 510 3954 630 4017; x_wconf 87' lang='lat' dir='ltr'>tamen</span> <span class='ocrx_word' id='word_1_154' title='bbox 646 3943 754 4015; x_wconf 86' lang='lat' dir='ltr'>sacris</span> <span class='ocrx_word' id='word_1_155' title='bbox 775 3941 1137 4015; x_wconf 69' lang='lat' dir='ltr'>allocutum-dicendi</span> <span class='ocrx_word' id='word_1_156' title='bbox 1159 3961 1272 4035; x_wconf 75' lang='lat' dir='ltr'>genus</span> <span class='ocrx_word' id='word_1_157' title='bbox 1291 3939 1569 4033; x_wconf 81' lang='lat' dir='ltr'>aspemabatur:</span> <span class='ocrx_word' id='word_1_158' title='bbox 1593 3943 1646 4014; x_wconf 90' lang='lat' dir='ltr'>illi</span> <span class='ocrx_word' id='word_1_159' title='bbox 1668 3941 1762 4012; x_wconf 88' lang='lat' dir='ltr'>enim</span> 
     </span>
     <span class='ocr_line' id='line_1_21' title="bbox 430 4095 1765 4189; baseline -0.008 -16"><span class='ocrx_word' id='word_1_160' title='bbox 430 4124 517 4173; x_wconf 83' lang='lat' dir='ltr'>cura</span> <span class='ocrx_word' id='word_1_161' title='bbox 531 4100 704 4171; x_wconf 85' lang='lat' dir='ltr'>intensior</span> <span class='ocrx_word' id='word_1_162' title='bbox 718 4098 762 4168; x_wconf 91' lang='lat' dir='ltr'>de</span> <span class='ocrx_word' id='word_1_163' title='bbox 778 4096 1033 4171; x_wconf 80' lang='lat' dir='ltr'>renmnervis</span> <span class='ocrx_word' id='word_1_164' title='bbox 1055 4116 1097 4166; x_wconf 82' lang='lat' dir='ltr'>sc</span> <span class='ocrx_word' id='word_1_165' title='bbox 1118 4095 1290 4179; x_wconf 62' lang='lat' dir='ltr'>medulla:</span> <span class='ocrx_word' id='word_1_166' title='bbox 1305 4098 1765 4189; x_wconf 84' lang='lat' dir='ltr'>quamorationisprocera</span> 
     </span>
     <span class='ocr_line' id='line_1_22' title="bbox 431 4250 1766 4353; baseline -0.001 -24"><span class='ocrx_word' id='word_1_167' title='bbox 431 4270 521 4330; x_wconf 86' lang='lat' dir='ltr'>cute.</span> <span class='ocrx_word' id='word_1_168' title='bbox 572 4259 948 4353; x_wconf 75' lang='lat' dir='ltr'>Hujuspraeleotionis</span> <span class='ocrx_word' id='word_1_169' title='bbox 961 4256 1339 4350; x_wconf 59' lang='lat' dir='ltr'>vallumbrosam</span> <span class='ocrx_word' id='word_1_170' title='bbox 1355 4258 1524 4349; x_wconf 79' lang='lat' dir='ltr'>asperiori</span> <span class='ocrx_word' id='word_1_171' title='bbox 1538 4253 1619 4330; x_wconf 70' lang='lat' dir='ltr'>,ulla</span> <span class='ocrx_word' id='word_1_172' title='bbox 1638 4250 1766 4341; x_wconf 74' lang='lat' dir='ltr'>discip-</span> 
     </span>
    </p>
   </div>
   <div class='ocr_carea' id='block_1_4' title="bbox 428 4411 1767 4594">
    <p class='ocr_par' dir='ltr' id='par_1_5' title="bbox 428 4411 1767 4594">
     <span class='ocr_line' id='line_1_23' title="bbox 428 4411 1767 4512; baseline -0.006 -22"><span class='ocrx_word' id='word_1_173' title='bbox 428 4421 503 4490; x_wconf 85' lang='lat' dir='ltr'>lina</span> <span class='ocrx_word' id='word_1_174' title='bbox 517 4419 750 4489; x_wconf 84' lang='lat' dir='ltr'>adolescentes</span> <span class='ocrx_word' id='word_1_175' title='bbox 766 4421 1017 4512; x_wconf 82' lang='lat' dir='ltr'>circumsepsit</span> <span class='ocrx_word' id='word_1_176' title='bbox 1029 4420 1205 4493; x_wconf 85' lang='lat' dir='ltr'>Absoluta</span> <span class='ocrx_word' id='word_1_177' title='bbox 1209 4420 1286 4511; x_wconf 81' lang='lat' dir='ltr'>jam</span> <span class='ocrx_word' id='word_1_178' title='bbox 1303 4420 1462 4500; x_wconf 88' lang='lat' dir='ltr'>lectione,</span> <span class='ocrx_word' id='word_1_179' title='bbox 1474 4415 1623 4485; x_wconf 84' lang='lat' dir='ltr'>scrutari</span> <span class='ocrx_word' id='word_1_180' title='bbox 1641 4411 1767 4482; x_wconf 87' lang='lat' dir='ltr'>deinde</span> 
     </span>
     <span class='ocr_line' id='line_1_24' title="bbox 1051 4548 1070 4594; baseline 0 0"><span class='ocrx_word' id='word_1_181' title='bbox 1051 4548 1070 4594; x_wconf 83' lang='lat' dir='ltr'>s</span> 
     </span>
    </p>
   </div>
   <div class='ocr_carea' id='block_1_5' title="bbox 0 0 2289 6068">
    <p class='ocr_par' dir='ltr' id='par_1_6' title="bbox 0 0 2289 6068">
     <span class='ocr_line' id='line_1_25' title="bbox 0 0 2289 6068; baseline 0 0"><span class='ocrx_word' id='word_1_182' title='bbox 0 0 2289 6068; x_wconf 95' lang='lat' dir='ltr'> </span> 
     </span>
    </p>
   </div>
  </div>
 </body>
</html>
