4530 6076
829 789 1042 855 nonnum
1066 742 1285 856 uonuocr.
1694 795 1741 865 41

401 1028 558 1101 ssime
584 1047 630 1096 ex
659 1024 835 1095 veteranis
858 1023 932 1095 nus
958 978 1260 1094 mensumn
1284 1023 1496 1115 superem
1520 1020 1745 1116 triumphare

391 1193 472 1285 -jam
490 1186 559 1262 sibi
575 1188 619 1257 de
631 1207 799 1278 oppressa
810 1187 961 1257 veritate
974 1185 1085 1257 Satan
1097 1207 1179 1257 uum
1189 1186 1264 1256 suis
1276 1184 1496 1257 videbatur?
1535 1185 1626 1257 Haee
1637 1185 1744 1257 Bene,

394 1402 397 1407 .
450 1344 578 1415 Edidit
605 1340 728 1433 postet
756 1342 1026 1413 eommentarios
1052 1342 1262 1431 complures,
1285 1350 1329 1411 ut
1353 1341 1394 1411 in
1421 1340 1584 1413 Psalmos
1610 1343 1748 1434 aliquot

399 1513 555 1592 selectos,
570 1509 611 1579 in
623 1506 810 1579 Danielem
821 1505 1044 1598 prophetam,
1061 1505 1100 1576 in
1111 1504 1137 1574 J
1137 1527 1288 1576 oannem
1302 1503 1585 1599 Evangelistum,
1600 1506 1640 1577 in
1656 1526 1745 1578 non·

400 1676 516 1746 nullas
537 1667 721 1762 Epistolns
746 1668 941 1752 Paulines3
966 1677 1160 1740 nudatum
1185 1665 1359 1761 praeteret
1383 1669 1568 1762 egregium
1589 1670 1634 1739 de
1655 1667 1743 1740 Effi-

399 1837 472 1909 enei
489 1832 695 1915 Venatione,
711 1840 747 1903 et
763 1830 922 1901 libellum
942 1830 1175 1900 utilissimum
1190 1829 1234 1901 de
1251 1828 1399 1900 Foedere
1416 1828 1485 1900 Dei
1507 1838 1544 1902 et
1560 1831 1604 1900 de
1620 1828 1744 1902 Sacra·

398 1998 554 2082 mentis;
577 1996 641 2089 qui
657 2015 791 2077 omnes,
813 2014 886 2064 non
901 1990 1009 2063 mndd
1024 1993 1063 2062 in
1079 1990 1208 2073 Sentis,
1225 1992 1286 2062 sed
1302 1999 1340 2061 et
1356 1991 1454 2081 apud
1469 2000 1609 2063 exteras
1625 1994 1741 2088 regio·

399 2186 475 2247 nes,
485 2185 559 2235 non
574 2159 706 2256 minori
722 2155 889 2228 Eeeiesioe
900 2157 1149 2238 emolumento,
1161 2152 1270 2246 quum
1281 2153 1436 2226 nominis
1448 2157 1505 2226 sui
1518 2165 1738 2239 ornamento,

344 2282 350 2293 Ι
399 2328 595 2398 multorum
611 2318 777 2392 manibus
792 2327 969 2392 teruntur.

409 2544 412 2549 -
448 2490 595 2561 Rollow
619 2487 676 2558 his
697 2494 753 2558 tot
773 2485 956 2577 tantisque
977 2485 1131 2579 negotiis
1157 2481 1254 2578 (quae
1270 2489 1453 2562 hominem
1477 2495 1596 2560 totum
1612 2488 1671 2559 vel
1686 2488 1740 2560 vi·

397 2652 674 2749 gibutissimum
703 2647 883 2730 distinere,
911 2656 949 2718 et
976 2649 1288 2741 oecupatissimum
1322 2652 1469 2723 reddere
1497 2653 1657 2745 possent)
1685 2653 1741 2725 in·

396 2815 595 2898 eumbente,
611 2812 780 2906 imposita
794 2820 849 2884 est
864 2821 1038 2904 praeteren
1053 2815 1242 2885 nenessitas
1253 2815 1456 2908 capessendi
1473 2816 1662 2887 ministerii
1678 2837 1740 2889 nr·

396 2981 492 3063 bani,
520 2979 589 3050 hee
613 2977 816 3049 oceasione:
845 2973 938 3046 Erat
957 2976 1037 3068 jam
1056 2976 1182 3046 civitas
1204 2984 1291 3060 totu
1313 2980 1494 3050 eommnni
1516 2987 1592 3050 tam
1617 2977 1740 3055 Eeele·

396 3141 530 3217 siastiei
557 3143 673 3237 quim¹
690 3141 819 3212 urbani
844 3150 989 3212 uenenis
1022 3163 1206 3226 consensu,
1238 3144 1409 3217 suadente
1442 3145 1552 3216 etiam
1580 3141 1750 3232 Rouoou

395 3311 435 3379 in
450 3315 531 3380 octo
551 3307 655 3399 quasi
671 3303 856 3396 parochias
872 3303 1009 3374 divisa:
1037 3304 1188 3398 singulis
1205 3305 1382 3398 parochiis
1398 3307 1644 3398 praeiiciendus
1661 3319 1738 3382 erut

394 3497 481 3548 suus
506 3483 639 3567 pastor,
663 3473 728 3565 qui
751 3471 864 3564 ipsius
889 3492 1012 3541 euram
1036 3469 1193 3580 heberet
1235 3469 1353 3543 Erant
1377 3479 1457 3543 tum
1481 3474 1520 3544 in
1545 3475 1633 3547 urbe
1657 3496 1757 3570 pes·

394 3651 500 3721 tores,
524 3637 596 3708 viri
618 3636 761 3728 quidem
787 3632 911 3728 magni
932 3633 1099 3716 nominis,
1120 3642 1157 3706 et
1178 3634 1218 3705 in
1242 3633 1355 3706 officio
1379 3656 1445 3707 suo
1469 3634 1736 3731 vigilantissimi

393 3826 435 3873 ae
453 3800 659 3881 fidelissimi,
679 3797 742 3868 sed
757 3818 831 3867 non
853 3818 895 3867 eo
910 3818 1061 3867 numero
1076 3796 1141 3888 qui
1156 3804 1211 3868 tot
1231 3797 1409 3890 parochiis
1430 3797 1630 3871 suffioeree‘
1662 3798 1735 3871 lta·

393 3988 462 4058 que
495 3966 534 4035 in
559 3963 747 4034 Rolloenm
771 3961 933 4032 omnium
961 3961 1054 4031 oculi
1079 3961 1240 4053 conjecti,
1266 3982 1349 4032 enm
1370 3961 1443 4032 'sibi
1470 3959 1649 4053 pastorem
1673 3983 1734 4034 ex·

392 4140 542 4226 petunt3
568 4150 650 4200 eum
669 4150 712 4199 eo
735 4127 831 4198 serid
851 4135 966 4221 egunt
982 4127 1089 4197 vellet
1110 4127 1186 4217 ipse
1206 4128 1253 4198 ad
1271 4135 1347 4198 tum
1369 4135 1533 4198 sanetum
1554 4150 1596 4202 uc
1619 4130 1733 4225 prope

390 4296 627 4369 necessarium
647 4312 737 4385 opus
757 4289 943 4361 divisionis
965 4287 1214 4381 parochiarum
1237 4289 1520 4380 promovendum
1542 4290 1736 4367 ministeri.

391 4451 1731 4552 umsuscipemacpamehiaeuniuscmamgerere.·0mnibusenim

1061 4585 1086 4638 r
