<?xml version="1.0" encoding="UTF-8"?>
<!DOCTYPE html PUBLIC "-//W3C//DTD XHTML 1.0 Transitional//EN"
    "http://www.w3.org/TR/xhtml1/DTD/xhtml1-transitional.dtd">
<html xmlns="http://www.w3.org/1999/xhtml" xml:lang="en" lang="en">
 <head>
  <title>
</title>
<meta http-equiv="Content-Type" content="text/html;charset=utf-8" />
  <meta name='ocr-system' content='tesseract 3.04.00' />
  <meta name='ocr-capabilities' content='ocr_page ocr_carea ocr_par ocr_line ocrx_word'/>
</head>
<body>
  <div class='ocr_page' id='page_1' title='image "./devitaetmortero00chargoog_0093.png"; bbox 0 0 4590 6024; ppageno 0'>
   <div class='ocr_carea' id='block_1_1' title="bbox 1059 767 1314 834">
    <p class='ocr_par' dir='ltr' id='par_1_1' title="bbox 1059 767 1314 834">
     <span class='ocr_line' id='line_1_1' title="bbox 1059 767 1314 834; baseline 0.004 -2"><span class='ocrx_word' id='word_1_1' title='bbox 1059 767 1314 834; x_wconf 83' lang='lat' dir='ltr'><strong>EPITAPHIA</strong></span> 
     </span>
    </p>
   </div>
   <div class='ocr_carea' id='block_1_2' title="bbox 695 986 1615 1811">
    <p class='ocr_par' dir='ltr' id='par_1_2' title="bbox 695 986 1615 1811">
     <span class='ocr_line' id='line_1_2' title="bbox 1124 986 1253 1048; baseline -0.016 0"><span class='ocrx_word' id='word_1_2' title='bbox 1124 986 1253 1048; x_wconf 73' lang='lat' dir='ltr'>Aaron.</span> 
     </span>
     <span class='ocr_line' id='line_1_3' title="bbox 695 1106 1470 1194; baseline -0.001 -22"><span class='ocrx_word' id='word_1_3' title='bbox 695 1109 887 1175; x_wconf 76' lang='lat' dir='ltr'>Unsrnrnns</span> <span class='ocrx_word' id='word_1_4' title='bbox 900 1108 986 1172; x_wconf 84' lang='lat' dir='ltr'>inter</span> <span class='ocrx_word' id='word_1_5' title='bbox 1000 1118 1122 1194; x_wconf 84' lang='lat' dir='ltr'>quanta</span> <span class='ocrx_word' id='word_1_6' title='bbox 1135 1106 1155 1171; x_wconf 85' lang='grc' dir='ltr'><strong>ὃ</strong></span> <span class='ocrx_word' id='word_1_7' title='bbox 1169 1106 1339 1172; x_wconf 78' lang='lat' dir='ltr'>eoncordia</span> <span class='ocrx_word' id='word_1_8' title='bbox 1352 1107 1470 1173; x_wconf 86' lang='lat' dir='ltr'>fratres</span> 
     </span>
     <span class='ocr_line' id='line_1_4' title="bbox 738 1228 1596 1317; baseline -0.001 -19"><span class='ocrx_word' id='word_1_9' title='bbox 738 1234 809 1298; x_wconf 87' lang='lat' dir='ltr'>Cur</span> <span class='ocrx_word' id='word_1_10' title='bbox 822 1253 882 1296; x_wconf 88' lang='lat' dir='ltr'>neo</span> <span class='ocrx_word' id='word_1_11' title='bbox 896 1240 934 1295; x_wconf 93' lang='lat' dir='ltr'>ut</span> <span class='ocrx_word' id='word_1_12' title='bbox 947 1228 1023 1294; x_wconf 72' lang='lat' dir='ltr'>anti</span> <span class='ocrx_word' id='word_1_13' title='bbox 1038 1230 1101 1295; x_wconf 86' lang='lat' dir='ltr'>suit</span> <span class='ocrx_word' id='word_1_14' title='bbox 1114 1252 1202 1295; x_wconf 86' lang='lat' dir='ltr'>nuno</span> <span class='ocrx_word' id='word_1_15' title='bbox 1216 1253 1342 1317; x_wconf 90' lang='lat' dir='ltr'>quoque</span> <span class='ocrx_word' id='word_1_16' title='bbox 1356 1230 1451 1296; x_wconf 86' lang='lat' dir='ltr'>firma</span> <span class='ocrx_word' id='word_1_17' title='bbox 1464 1241 1596 1297; x_wconf 75' lang='lat' dir='ltr'>manet?</span> 
     </span>
     <span class='ocr_line' id='line_1_5' title="bbox 695 1352 1380 1433; baseline -0.003 -9"><span class='ocrx_word' id='word_1_18' title='bbox 695 1357 842 1424; x_wconf 79' lang='lat' dir='ltr'><strong>Excessit</strong></span> <span class='ocrx_word' id='word_1_19' title='bbox 855 1355 1010 1420; x_wconf 85' lang='lat' dir='ltr'>Rolloeus</span> <span class='ocrx_word' id='word_1_20' title='bbox 1024 1354 1119 1421; x_wconf 85' lang='lat' dir='ltr'>amiei</span> <span class='ocrx_word' id='word_1_21' title='bbox 1134 1354 1237 1419; x_wconf 88' lang='lat' dir='ltr'>nodus</span> <span class='ocrx_word' id='word_1_22' title='bbox 1251 1352 1380 1433; x_wconf 80' lang='lat' dir='ltr'>amoris,</span> 
     </span>
     <span class='ocr_line' id='line_1_6' title="bbox 737 1478 1325 1564; baseline 0 -20"><span class='ocrx_word' id='word_1_23' title='bbox 737 1479 903 1556; x_wconf 84' lang='lat' dir='ltr'>Rollocus,</span> <span class='ocrx_word' id='word_1_24' title='bbox 920 1489 1025 1564; x_wconf 84' lang='lat' dir='ltr'>ruptae</span> <span class='ocrx_word' id='word_1_25' title='bbox 1039 1501 1142 1543; x_wconf 81' lang='lat' dir='ltr'>nexus</span> <span class='ocrx_word' id='word_1_26' title='bbox 1155 1478 1305 1544; x_wconf 71' lang='lat' dir='ltr'>amicitiae</span> <span class='ocrx_word' id='word_1_27' title='bbox 1316 1501 1325 1555; x_wconf 75' lang='grc' dir='ltr'><strong>ς</strong></span> 
     </span>
     <span class='ocr_line' id='line_1_7' title="bbox 698 1600 1615 1689; baseline -0.002 -21"><span class='ocrx_word' id='word_1_28' title='bbox 698 1601 814 1668; x_wconf 85' lang='lat' dir='ltr'>Isthmi</span> <span class='ocrx_word' id='word_1_29' title='bbox 826 1602 930 1668; x_wconf 86' lang='lat' dir='ltr'>instar</span> <span class='ocrx_word' id='word_1_30' title='bbox 943 1601 1076 1667; x_wconf 76' lang='lat' dir='ltr'>bimaris</span> <span class='ocrx_word' id='word_1_31' title='bbox 1090 1601 1257 1688; x_wconf 83' lang='lat' dir='ltr'>geminum</span> <span class='ocrx_word' id='word_1_32' title='bbox 1271 1600 1327 1689; x_wconf 90' lang='lat' dir='ltr'>qui</span> <span class='ocrx_word' id='word_1_33' title='bbox 1340 1600 1474 1667; x_wconf 85' lang='lat' dir='ltr'>distinet</span> <span class='ocrx_word' id='word_1_34' title='bbox 1487 1613 1615 1677; x_wconf 71' lang='lat' dir='ltr'>testum,</span> 
     </span>
     <span class='ocr_line' id='line_1_8' title="bbox 739 1724 1557 1811; baseline -0.005 -20"><span class='ocrx_word' id='word_1_35' title='bbox 739 1726 828 1791; x_wconf 88' lang='lat' dir='ltr'>Hine</span> <span class='ocrx_word' id='word_1_36' title='bbox 842 1735 938 1811; x_wconf 87' lang='lat' dir='ltr'>atque</span> <span class='ocrx_word' id='word_1_37' title='bbox 951 1725 1028 1789; x_wconf 87' lang='lat' dir='ltr'>hino</span> <span class='ocrx_word' id='word_1_38' title='bbox 1042 1747 1084 1790; x_wconf 90' lang='lat' dir='ltr'>ne</span> <span class='ocrx_word' id='word_1_39' title='bbox 1097 1724 1134 1788; x_wconf 92' lang='lat' dir='ltr'>in</span> <span class='ocrx_word' id='word_1_40' title='bbox 1147 1747 1182 1789; x_wconf 86' lang='lat' dir='ltr'>ss</span> <span class='ocrx_word' id='word_1_41' title='bbox 1196 1725 1311 1789; x_wconf 91' lang='lat' dir='ltr'>mistus</span> <span class='ocrx_word' id='word_1_42' title='bbox 1324 1733 1460 1810; x_wconf 84' lang='lat' dir='ltr'>uterque</span> <span class='ocrx_word' id='word_1_43' title='bbox 1474 1735 1557 1789; x_wconf 88' lang='lat' dir='ltr'>ruat.</span> 
     </span>
    </p>
   </div>
   <div class='ocr_carea' id='block_1_3' title="bbox 765 1932 1613 1998">
    <p class='ocr_par' dir='ltr' id='par_1_3' title="bbox 765 1932 1613 1998">
     <span class='ocr_line' id='line_1_9' title="bbox 765 1932 1613 1998; baseline -0.005 0"><span class='ocrx_word' id='word_1_44' title='bbox 765 1936 885 1998; x_wconf 75' lang='lat' dir='ltr'>Aaron</span> <span class='ocrx_word' id='word_1_45' title='bbox 901 1953 939 1998; x_wconf 73' lang='lat' dir='ltr'>nt</span> <span class='ocrx_word' id='word_1_46' title='bbox 954 1932 1111 1997; x_wconf 82' lang='lat' dir='ltr'>Ronnocr</span> <span class='ocrx_word' id='word_1_47' title='bbox 1127 1952 1279 1997; x_wconf 78' lang='lat' dir='ltr'>norrun</span> <span class='ocrx_word' id='word_1_48' title='bbox 1294 1951 1398 1997; x_wconf 75' lang='lat' dir='ltr'>urnis</span> <span class='ocrx_word' id='word_1_49' title='bbox 1413 1950 1613 1997; x_wconf 73' lang='lat' dir='ltr'>aroannam.</span> 
     </span>
    </p>
   </div>
   <div class='ocr_carea' id='block_1_4' title="bbox 741 2090 1454 4387">
    <p class='ocr_par' dir='ltr' id='par_1_4' title="bbox 741 2090 1358 2300">
     <span class='ocr_line' id='line_1_10' title="bbox 741 2090 1358 2177; baseline -0.003 -21"><span class='ocrx_word' id='word_1_50' title='bbox 741 2093 835 2169; x_wconf 82' lang='lat' dir='ltr'>Dux,</span> <span class='ocrx_word' id='word_1_51' title='bbox 851 2090 995 2168; x_wconf 83' lang='lat' dir='ltr'>Rolloce,</span> <span class='ocrx_word' id='word_1_52' title='bbox 1010 2091 1117 2177; x_wconf 80' lang='lat' dir='ltr'>gregis</span> <span class='ocrx_word' id='word_1_53' title='bbox 1132 2099 1223 2157; x_wconf 83' lang='lat' dir='ltr'>tener</span> <span class='ocrx_word' id='word_1_54' title='bbox 1237 2090 1358 2168; x_wconf 87' lang='lat' dir='ltr'>tenelli,</span> 
     </span>
     <span class='ocr_line' id='line_1_11' title="bbox 741 2212 1292 2300; baseline -0.002 -19"><span class='ocrx_word' id='word_1_55' title='bbox 741 2216 921 2281; x_wconf 80' lang='lat' dir='ltr'>Doctannn</span> <span class='ocrx_word' id='word_1_56' title='bbox 936 2213 1034 2279; x_wconf 86' lang='lat' dir='ltr'>(leons</span> <span class='ocrx_word' id='word_1_57' title='bbox 1049 2212 1292 2300; x_wconf 78' lang='lat' dir='ltr'>elegantiarum,</span> 
     </span>
    </p>

    <p class='ocr_par' dir='ltr' id='par_1_5' title="bbox 742 2337 1397 2789">
     <span class='ocr_line' id='line_1_12' title="bbox 743 2337 1357 2424; baseline -0.002 -21"><span class='ocrx_word' id='word_1_58' title='bbox 743 2338 787 2402; x_wconf 87' lang='lat' dir='ltr'>Et</span> <span class='ocrx_word' id='word_1_59' title='bbox 801 2360 928 2403; x_wconf 89' lang='lat' dir='ltr'>morum</span> <span class='ocrx_word' id='word_1_60' title='bbox 942 2338 1104 2424; x_wconf 75' lang='lat' dir='ltr'>specimen</span> <span class='ocrx_word' id='word_1_61' title='bbox 1118 2337 1357 2402; x_wconf 86' lang='lat' dir='ltr'>modestiorum.</span> 
     </span>
     <span class='ocr_line' id='line_1_13' title="bbox 742 2460 1360 2545; baseline 0.002 -21"><span class='ocrx_word' id='word_1_62' title='bbox 742 2461 832 2537; x_wconf 89' lang='lat' dir='ltr'>Dux,</span> <span class='ocrx_word' id='word_1_63' title='bbox 848 2460 993 2537; x_wconf 84' lang='lat' dir='ltr'>Rolloee‚</span> <span class='ocrx_word' id='word_1_64' title='bbox 1008 2460 1116 2545; x_wconf 83' lang='lat' dir='ltr'>gregis</span> <span class='ocrx_word' id='word_1_65' title='bbox 1130 2483 1219 2526; x_wconf 86' lang='lat' dir='ltr'>saoer</span> <span class='ocrx_word' id='word_1_66' title='bbox 1233 2460 1360 2538; x_wconf 81' lang='lat' dir='ltr'>sacrati,</span> 
     </span>
     <span class='ocr_line' id='line_1_14' title="bbox 743 2580 1397 2667; baseline -0.002 -20"><span class='ocrx_word' id='word_1_67' title='bbox 743 2582 800 2647; x_wconf 90' lang='lat' dir='ltr'>Sal</span> <span class='ocrx_word' id='word_1_68' title='bbox 815 2593 910 2646; x_wconf 76' lang='lat' dir='ltr'>terrae</span> <span class='ocrx_word' id='word_1_69' title='bbox 924 2580 994 2645; x_wconf 88' lang='lat' dir='ltr'>sino</span> <span class='ocrx_word' id='word_1_70' title='bbox 1008 2581 1131 2658; x_wconf 81' lang='lat' dir='ltr'>fraudo,</span> <span class='ocrx_word' id='word_1_71' title='bbox 1148 2581 1258 2667; x_wconf 85' lang='lat' dir='ltr'>solque</span> <span class='ocrx_word' id='word_1_72' title='bbox 1273 2581 1397 2658; x_wconf 86' lang='lat' dir='ltr'>mundi,</span> 
     </span>
     <span class='ocr_line' id='line_1_15' title="bbox 742 2701 1257 2789; baseline 0 -21"><span class='ocrx_word' id='word_1_73' title='bbox 742 2703 787 2768; x_wconf 88' lang='lat' dir='ltr'>Et</span> <span class='ocrx_word' id='word_1_74' title='bbox 800 2703 876 2769; x_wconf 77' lang='lat' dir='ltr'>vitm</span> <span class='ocrx_word' id='word_1_75' title='bbox 890 2701 1058 2789; x_wconf 86' lang='lat' dir='ltr'>speculum</span> <span class='ocrx_word' id='word_1_76' title='bbox 1071 2702 1237 2768; x_wconf 71' lang='lat' dir='ltr'>laboriosae</span> <span class='ocrx_word' id='word_1_77' title='bbox 1248 2726 1257 2780; x_wconf 83' lang='lat'>3</span> 
     </span>
    </p>

    <p class='ocr_par' dir='ltr' id='par_1_6' title="bbox 742 2822 1428 3279">
     <span class='ocr_line' id='line_1_16' title="bbox 744 2822 1368 2912; baseline -0.003 -21"><span class='ocrx_word' id='word_1_78' title='bbox 744 2827 818 2902; x_wconf 89' lang='lat' dir='ltr'>Quo</span> <span class='ocrx_word' id='word_1_79' title='bbox 832 2825 978 2891; x_wconf 83' lang='lat' dir='ltr'>diversus</span> <span class='ocrx_word' id='word_1_80' title='bbox 991 2822 1084 2890; x_wconf 79' lang='lat' dir='ltr'>abis?</span> <span class='ocrx_word' id='word_1_81' title='bbox 1101 2835 1174 2890; x_wconf 87' lang='lat' dir='ltr'>tuos</span> <span class='ocrx_word' id='word_1_82' title='bbox 1189 2825 1368 2912; x_wconf 83' lang='lat' dir='ltr'>relinquis?</span> 
     </span>
     <span class='ocr_line' id='line_1_17' title="bbox 742 2946 1428 3033; baseline -0.003 -20"><span class='ocrx_word' id='word_1_83' title='bbox 742 2946 917 3014; x_wconf 79' lang='lat' dir='ltr'>Praesens?</span> <span class='ocrx_word' id='word_1_84' title='bbox 937 2970 1021 3012; x_wconf 88' lang='lat' dir='ltr'>anno</span> <span class='ocrx_word' id='word_1_85' title='bbox 1034 2947 1146 3012; x_wconf 86' lang='lat' dir='ltr'>abiens</span> <span class='ocrx_word' id='word_1_86' title='bbox 1161 2957 1234 3011; x_wconf 90' lang='lat' dir='ltr'>tuos</span> <span class='ocrx_word' id='word_1_87' title='bbox 1249 2946 1428 3033; x_wconf 75' lang='lat' dir='ltr'>relinquis?</span> 
     </span>
     <span class='ocr_line' id='line_1_18' title="bbox 742 3067 1410 3156; baseline -0.001 -22"><span class='ocrx_word' id='word_1_88' title='bbox 742 3070 875 3156; x_wconf 84' lang='lat' dir='ltr'>Absque</span> <span class='ocrx_word' id='word_1_89' title='bbox 890 3078 923 3136; x_wconf 84' lang='lat' dir='ltr'>et</span> <span class='ocrx_word' id='word_1_90' title='bbox 937 3091 992 3156; x_wconf 83' lang='lat' dir='ltr'>spo</span> <span class='ocrx_word' id='word_1_91' title='bbox 1008 3068 1130 3134; x_wconf 85' lang='lat' dir='ltr'>reditus</span> <span class='ocrx_word' id='word_1_92' title='bbox 1144 3080 1218 3133; x_wconf 88' lang='lat' dir='ltr'>tuos</span> <span class='ocrx_word' id='word_1_93' title='bbox 1232 3067 1410 3156; x_wconf 81' lang='lat' dir='ltr'>relinquis?</span> 
     </span>
     <span class='ocr_line' id='line_1_19' title="bbox 744 3191 1317 3279; baseline 0.002 -23"><span class='ocrx_word' id='word_1_94' title='bbox 744 3191 866 3257; x_wconf 85' lang='lat' dir='ltr'>invidit</span> <span class='ocrx_word' id='word_1_95' title='bbox 878 3192 938 3257; x_wconf 89' lang='lat' dir='ltr'>tibi</span> <span class='ocrx_word' id='word_1_96' title='bbox 952 3214 1048 3256; x_wconf 86' lang='lat' dir='ltr'>nemo</span> <span class='ocrx_word' id='word_1_97' title='bbox 1062 3214 1159 3257; x_wconf 88' lang='lat' dir='ltr'>sanus</span> <span class='ocrx_word' id='word_1_98' title='bbox 1174 3214 1317 3279; x_wconf 89' lang='lat' dir='ltr'>unquam</span> 
     </span>
    </p>

    <p class='ocr_par' dir='ltr' id='par_1_7' title="bbox 743 3313 1385 3646">
     <span class='ocr_line' id='line_1_20' title="bbox 743 3313 1378 3401; baseline 0.002 -23"><span class='ocrx_word' id='word_1_99' title='bbox 743 3315 814 3378; x_wconf 89' lang='lat' dir='ltr'>Aut</span> <span class='ocrx_word' id='word_1_100' title='bbox 828 3314 895 3379; x_wconf 81' lang='lat' dir='ltr'>cari</span> <span class='ocrx_word' id='word_1_101' title='bbox 910 3313 1082 3380; x_wconf 85' lang='lat' dir='ltr'>emeritum</span> <span class='ocrx_word' id='word_1_102' title='bbox 1095 3315 1203 3401; x_wconf 83' lang='lat' dir='ltr'>gregis</span> <span class='ocrx_word' id='word_1_103' title='bbox 1216 3314 1378 3391; x_wconf 81' lang='lat' dir='ltr'>favorem3</span> 
     </span>
     <span class='ocr_line' id='line_1_21' title="bbox 745 3435 1385 3524; baseline 0.008 -25"><span class='ocrx_word' id='word_1_104' title='bbox 745 3436 816 3500; x_wconf 89' lang='lat' dir='ltr'>Aut</span> <span class='ocrx_word' id='word_1_105' title='bbox 831 3459 849 3500; x_wconf 86' lang='lat' dir='ltr'>o</span> <span class='ocrx_word' id='word_1_106' title='bbox 862 3435 1092 3502; x_wconf 84' lang='lat' dir='ltr'>lariaureolu&#39;m</span> <span class='ocrx_word' id='word_1_107' title='bbox 1106 3437 1212 3524; x_wconf 77' lang='lat' dir='ltr'>gregis</span> <span class='ocrx_word' id='word_1_108' title='bbox 1228 3437 1385 3516; x_wconf 84' lang='lat' dir='ltr'>decorem,</span> 
     </span>
     <span class='ocr_line' id='line_1_22' title="bbox 744 3556 1225 3646; baseline 0.01 -26"><span class='ocrx_word' id='word_1_109' title='bbox 744 3556 866 3622; x_wconf 83' lang='lat' dir='ltr'>Invidit</span> <span class='ocrx_word' id='word_1_110' title='bbox 879 3558 939 3624; x_wconf 88' lang='lat' dir='ltr'>tibi</span> <span class='ocrx_word' id='word_1_111' title='bbox 952 3580 1048 3623; x_wconf 84' lang='lat' dir='ltr'>nemo</span> <span class='ocrx_word' id='word_1_112' title='bbox 1062 3560 1225 3646; x_wconf 87' lang='lat' dir='ltr'>publioata</span> 
     </span>
    </p>

    <p class='ocr_par' dir='ltr' id='par_1_8' title="bbox 745 3678 1454 4387">
     <span class='ocr_line' id='line_1_23' title="bbox 745 3678 1303 3767; baseline 0.004 -23"><span class='ocrx_word' id='word_1_113' title='bbox 745 3678 920 3744; x_wconf 86' lang='lat' dir='ltr'>Castarum</span> <span class='ocrx_word' id='word_1_114' title='bbox 932 3681 1049 3747; x_wconf 89' lang='lat' dir='ltr'>intima</span> <span class='ocrx_word' id='word_1_115' title='bbox 1062 3681 1303 3767; x_wconf 79' lang='lat' dir='ltr'>cogitationum,</span> 
     </span>
     <span class='ocr_line' id='line_1_24' title="bbox 746 3802 1347 3871; baseline 0.005 -5"><span class='ocrx_word' id='word_1_116' title='bbox 746 3802 941 3868; x_wconf 81' lang='lat' dir='ltr'>Sanctarum</span> <span class='ocrx_word' id='word_1_117' title='bbox 954 3804 1064 3871; x_wconf 83' lang='lat' dir='ltr'>abdita</span> <span class='ocrx_word' id='word_1_118' title='bbox 1076 3804 1347 3871; x_wconf 76' lang='lat' dir='ltr'>lucubrationum.</span> 
     </span>
     <span class='ocr_line' id='line_1_25' title="bbox 746 3925 1300 4015; baseline 0.013 -26"><span class='ocrx_word' id='word_1_119' title='bbox 746 3925 867 3991; x_wconf 85' lang='lat' dir='ltr'>invidit</span> <span class='ocrx_word' id='word_1_120' title='bbox 881 3926 941 3992; x_wconf 85' lang='lat' dir='ltr'>tibi</span> <span class='ocrx_word' id='word_1_121' title='bbox 955 3950 1051 3994; x_wconf 90' lang='lat' dir='ltr'>nemo</span> <span class='ocrx_word' id='word_1_122' title='bbox 1065 3927 1204 4015; x_wconf 83' lang='lat' dir='ltr'>gratiam</span> <span class='ocrx_word' id='word_1_123' title='bbox 1217 3929 1300 3996; x_wconf 86' lang='lat' dir='ltr'>aulae</span> 
     </span>
     <span class='ocr_line' id='line_1_26' title="bbox 746 4049 1454 4140; baseline 0.008 -26"><span class='ocrx_word' id='word_1_124' title='bbox 746 4049 884 4115; x_wconf 82' lang='lat' dir='ltr'>Gratum</span> <span class='ocrx_word' id='word_1_125' title='bbox 898 4053 1037 4136; x_wconf 83' lang='lat' dir='ltr'>gratiam</span> <span class='ocrx_word' id='word_1_126' title='bbox 1052 4075 1124 4119; x_wconf 84' lang='lat' dir='ltr'>eam</span> <span class='ocrx_word' id='word_1_127' title='bbox 1137 4064 1170 4120; x_wconf 85' lang='lat' dir='ltr'>et</span> <span class='ocrx_word' id='word_1_128' title='bbox 1184 4053 1454 4140; x_wconf 67' lang='lat' dir='ltr'>redintegratum</span> 
     </span>
     <span class='ocr_line' id='line_1_27' title="bbox 746 4171 1316 4264; baseline 0.016 -28"><span class='ocrx_word' id='word_1_129' title='bbox 746 4171 852 4238; x_wconf 73' lang='lat' dir='ltr'>Grata</span> <span class='ocrx_word' id='word_1_130' title='bbox 864 4184 902 4238; x_wconf 83' lang='lat' dir='ltr'>ut</span> <span class='ocrx_word' id='word_1_131' title='bbox 914 4176 1020 4261; x_wconf 78' lang='lat' dir='ltr'>gretia</span> <span class='ocrx_word' id='word_1_132' title='bbox 1033 4176 1077 4241; x_wconf 76' lang='lat' dir='ltr'>sit</span> <span class='ocrx_word' id='word_1_133' title='bbox 1090 4176 1316 4264; x_wconf 71' lang='lat' dir='ltr'>redinagrua</span> 
     </span>
     <span class='ocr_line' id='line_1_28' title="bbox 747 4294 1282 4387; baseline 0.017 -30"><span class='ocrx_word' id='word_1_134' title='bbox 747 4294 869 4360; x_wconf 82' lang='lat' dir='ltr'>Invidit</span> <span class='ocrx_word' id='word_1_135' title='bbox 884 4295 943 4363; x_wconf 87' lang='lat' dir='ltr'>tibi</span> <span class='ocrx_word' id='word_1_136' title='bbox 958 4321 1055 4365; x_wconf 86' lang='lat' dir='ltr'>nemo</span> <span class='ocrx_word' id='word_1_137' title='bbox 1069 4311 1282 4387; x_wconf 84' lang='lat' dir='ltr'>propagatum</span> 
     </span>
    </p>
   </div>
   <div class='ocr_carea' id='block_1_5' title="bbox 747 4414 1536 4751">
    <p class='ocr_par' dir='ltr' id='par_1_9' title="bbox 747 4414 1536 4751">
     <span class='ocr_line' id='line_1_29' title="bbox 747 4414 1391 4511; baseline 0.011 -30"><span class='ocrx_word' id='word_1_138' title='bbox 747 4414 840 4502; x_wconf 75' lang='lat' dir='ltr'>Saepi</span> <span class='ocrx_word' id='word_1_139' title='bbox 853 4439 874 4483; x_wconf 91' lang='lat' dir='ltr'>a</span> <span class='ocrx_word' id='word_1_140' title='bbox 887 4419 1031 4509; x_wconf 81' lang='lat' dir='ltr'>principe</span> <span class='ocrx_word' id='word_1_141' title='bbox 1045 4420 1137 4508; x_wconf 76' lang='lat' dir='ltr'>proni</span> <span class='ocrx_word' id='word_1_142' title='bbox 1151 4423 1369 4511; x_wconf 79' lang='lat' dir='ltr'>principatum</span> <span class='ocrx_word' id='word_1_143' title='bbox 1382 4449 1391 4500; x_wconf 90' lang='lat'>;</span> 
     </span>
     <span class='ocr_line' id='line_1_30' title="bbox 748 4539 1536 4633; baseline -0.005 -20"><span class='ocrx_word' id='word_1_144' title='bbox 748 4539 944 4626; x_wconf 71' lang='lat' dir='ltr'>Quanquam</span> <span class='ocrx_word' id='word_1_145' title='bbox 958 4556 1067 4609; x_wconf 83' lang='lat' dir='ltr'>exorto</span> <span class='ocrx_word' id='word_1_146' title='bbox 1081 4567 1159 4610; x_wconf 85' lang='lat' dir='ltr'>oum</span> <span class='ocrx_word' id='word_1_147' title='bbox 1172 4547 1294 4612; x_wconf 86' lang='lat' dir='ltr'>honore</span> <span class='ocrx_word' id='word_1_148' title='bbox 1308 4547 1536 4633; x_wconf 80' lang='lat' dir='ltr'>principatum.</span> 
     </span>
     <span class='ocr_line' id='line_1_31' title="bbox 748 4659 1342 4751; baseline 0.013 -28"><span class='ocrx_word' id='word_1_149' title='bbox 748 4659 802 4724; x_wconf 91' lang='lat' dir='ltr'>Nil</span> <span class='ocrx_word' id='word_1_150' title='bbox 816 4661 934 4726; x_wconf 90' lang='lat' dir='ltr'>horum</span> <span class='ocrx_word' id='word_1_151' title='bbox 949 4663 1009 4728; x_wconf 85' lang='lat' dir='ltr'>tibi</span> <span class='ocrx_word' id='word_1_152' title='bbox 1022 4686 1093 4751; x_wconf 81' lang='lat' dir='ltr'>ego,</span> <span class='ocrx_word' id='word_1_153' title='bbox 1109 4665 1168 4730; x_wconf 89' lang='lat' dir='ltr'>tibi</span> <span class='ocrx_word' id='word_1_154' title='bbox 1181 4687 1241 4731; x_wconf 87' lang='lat' dir='ltr'>nee</span> <span class='ocrx_word' id='word_1_155' title='bbox 1255 4667 1342 4731; x_wconf 91' lang='lat' dir='ltr'>ullus</span> 
     </span>
    </p>
   </div>
   <div class='ocr_carea' id='block_1_6' title="bbox 0 0 2316 6020">
    <p class='ocr_par' dir='ltr' id='par_1_10' title="bbox 0 0 2316 6020">
     <span class='ocr_line' id='line_1_32' title="bbox 0 0 2316 6020; baseline 0 0"><span class='ocrx_word' id='word_1_156' title='bbox 0 0 2316 6020; x_wconf 95' lang='lat' dir='ltr'> </span> 
     </span>
    </p>
   </div>
  </div>
 </body>
</html>
