4590 6024
881 786 1096 853 ROBERTI
1119 784 1335 851 ROLLOCI.
1686 779 1733 848 51

379 1030 547 1111 amicitia,
557 1031 805 1102 accersendum
817 1037 854 1101 te
872 1031 1006 1112 curavi,
1024 1039 1066 1103 ut
1082 1030 1332 1114 reverentiam,
1349 1050 1423 1121 qua
1440 1049 1580 1121 semper
1596 1043 1619 1100 a
1633 1033 1735 1103 cunis

379 1192 515 1265 Christi
532 1194 772 1265 ministerium
784 1203 994 1284 prosecutus
1006 1216 1099 1276 sum,
1113 1202 1281 1266 testatam
1298 1194 1462 1265 facerem.
1496 1192 1580 1289 Ego
1591 1197 1736 1287 quidem

378 1379 445 1448 pro
460 1357 605 1428 modulo
621 1357 705 1427 doni
718 1379 838 1449 preces
855 1358 895 1428 in
911 1359 1032 1428 sinum
1044 1357 1114 1429 Dei
1126 1356 1205 1428 fudi
1220 1378 1231 1442 ;
1252 1365 1294 1430 tu
1308 1380 1431 1449 quaeso
1443 1380 1510 1450 pro
1522 1381 1580 1429 me
1589 1380 1736 1450 precum

378 1543 479 1594 sacra
502 1523 689 1616 peragito;
715 1543 783 1616 ego
807 1523 916 1593 corde
940 1530 977 1594 et
1004 1522 1135 1594 affectu
1159 1542 1311 1616 sequare
1335 1523 1481 1594 interim
1505 1545 1551 1594 ne
1574 1522 1736 1615 protrahi

377 1688 491 1756 vitam
504 1686 597 1756 hanc
609 1684 764 1780 flagita.''
793 1685 998 1757 Provolutis
1012 1685 1177 1759 omnibus
1192 1687 1255 1778 qui
1270 1686 1421 1756 aderam
1432 1687 1471 1757 in
1484 1708 1603 1781 genua
1614 1707 1734 1778 preces

377 1852 533 1924 celebrat
547 1853 832 1945 Balcanquellus.
883 1851 989 1926 Inter
1009 1857 1147 1947 reliqua
1162 1854 1302 1950 flagitat
1318 1857 1425 1927 vellet
1441 1856 1540 1927 Deus
1560 1858 1653 1928 tanti
1668 1856 1739 1927 viri

377 2021 792 2092 diutmnioremusuram
801 2021 998 2114 indulgere,
1005 2020 1088 2090 edm
1097 2019 1268 2091 Ecclesiae
1278 2029 1314 2091 et
1322 2021 1544 2114 Reipublicae
1551 2025 1647 2095 salus
1656 2033 1736 2094 tan·

378 2180 594 2278 topereeum
606 2190 764 2274 poscant.
790 2181 958 2253 Rollocus
971 2183 1022 2254 sic
1032 2191 1193 2253 orantem
1204 2184 1595 2275 interpellat,“Satius,
1605 2187 1734 2279 inquit,

378 2347 469 2417 mihi
491 2346 601 2442 hujus
621 2347 719 2428 vitae,
735 2342 841 2417 unice
860 2345 900 2417 in
920 2348 1014 2417 votis
1034 2345 1148 2417 habeo
1169 2347 1282 2418 vitam
1304 2350 1480 2418 ooelestem
1499 2369 1582 2420 cum
1598 2349 1676 2420 Deo
1695 2351 1735 2420 in

379 2510 524 2582 Christo
535 2509 785 2581 reconditam’'
814 2509 1082 2581 Consummatis
1095 2510 1259 2601 precibus
1272 2511 1311 2582 in
1323 2511 1424 2582 verbi
1436 2511 1620 2604 praedicati
1633 2533 1735 2584 cnco-

378 2676 639 2766 miaerumpitt
652 2671 988 2765 “Verbum,inquit,
997 2672 1067 2744 Dei
1077 2675 1237 2765 potentia
1248 2676 1293 2744 ad
1304 2674 1540 2757 salutemDei
1550 2676 1735 2767 sapientia,

377 2841 479 2923 vita3
501 2859 566 2908 nec
582 2839 657 2907 ulla
671 2837 737 2906 ulli
754 2836 888 2927 absque
904 2835 1015 2906 verbo
1031 2837 1150 2906 sulus:
1175 2858 1248 2907 non
1267 2845 1332 2920 ast,
1349 2838 1480 2908 credite
1495 2838 1597 2921 mihi,
1613 2839 1736 2932 exigui

379 3002 552 3072 momenti
568 3000 753 3094 negotium
770 2999 921 3070 verbum
940 2999 1156 3090 predicare:
1180 3000 1327 3092 perinde
1346 3021 1419 3072 non
1435 2999 1490 3072 est
1512 3022 1553 3072 ac
1574 3001 1735 3074 Platonis

377 3162 628 3234 Aristotelisve
653 3159 793 3232 textum
819 3160 1060 3251 interpretari,
1078 3167 1143 3230 aut
1160 3161 1356 3232 orationem
1373 3162 1567 3256 pigmentis
1583 3185 1625 3235 ac
1639 3165 1737 3236 leno·

378 3327 472 3407 cinio
487 3325 661 3396 sermonis
678 3324 825 3396 oblitam
842 3324 991 3395 recitare
1006 3344 1016 3394 t
1040 3325 1080 3395 in
1106 3326 1353 3409 sanctimonia,
1372 3325 1586 3409 humilitate,
1606 3326 1736 3430 efficaci

377 3490 525 3582 spiritus
536 3487 837 3559 demonstratione
848 3486 959 3557 situm
970 3495 1025 3558 est
1035 3486 1134 3557 verbi
1145 3489 1387 3578 praeconium:
1408 3490 1535 3580 qumti
1545 3490 1635 3560 illud
1644 3512 1736 3562 sem·

376 3650 842 3750 perfecerimpovitDeus2'
863 3651 1014 3722 Deinad
1023 3673 1144 3743 preces
1152 3653 1364 3725 revertitur:
1382 3659 1405 3693 ‘⁶
1412 3650 1519 3737 Veni,
1526 3653 1735 3745 inquitDo-

376 3818 473 3886 mine
481 3815 506 3886 J
507 3838 581 3898 esu,
593 3815 724 3886 horum
734 3816 918 3885 oculorum
928 3836 1058 3886 nervos
1068 3814 1251 3907 abrumpe,
1261 3816 1610 3912 aliosmihilargirc:
1628 3819 1732 3909 cupio

377 3980 524 4050 dissolvi
541 4001 582 4049 ac
598 3987 715 4049 tecum
730 3998 830 4049 esse:
853 3988 996 4049 matura
1008 3980 1141 4061 venire,
1155 3979 1310 4049 Domine
1321 3979 1346 4050 J
1347 4001 1421 4062 esu,
1435 4004 1481 4051 ne
1497 3983 1594 4054 ultra
1605 3983 1730 4068 dilier3

376 4143 542 4295 egredere
554 4141 685 4233 pusilla
697 4141 783 4222 vita,
800 4148 842 4209 ut
858 4141 1081 4233 ingrediatur
1097 4141 1223 4209 melior
1238 4141 1301 4210 illa
1313 4141 1390 4212 vita
1403 4142 1472 4213 Dei
1486 4167 1494 4214 ε
1519 4145 1646 4229 insere,
1659 4144 1733 4216 Do·

375 4305 670 4389 minedcsu,huic
680 4305 819 4397 corpori
829 4325 976 4374 manum
987 4313 1099 4386 tuam,
1110 4305 1227 4396 arripe
1238 4305 1305 4376 tibi
1315 4307 1473 4378 animam
1483 4309 1620 4380 istam.''
1638 4310 1731 4383 Cum
1822 4340 1825 4347 ¹

375 4472 583 4562 aliquandiu
595 4492 700 4541 mane
712 4469 906 4562 quievisset
922 4471 1105 4541 silentium
1119 4471 1264 4540 tandem
1280 4470 1348 4542 hoc
1362 4493 1526 4546 sermone
1538 4474 1731 4571 abmmpit,
