4590 6024
496 812 544 876 34
970 803 1088 869 VITA
1110 803 1174 868 ΕΤ
1198 803 1373 867 OBITUS

489 1045 653 1107 octavam
670 1056 742 1127 qua
754 1035 917 1106 adeunda
928 1043 1005 1105 erat
1018 1037 1219 1118 concidens
1231 1034 1403 1106 continub
1417 1037 1585 1118 exerunt,
1598 1044 1634 1106 et
1649 1036 1672 1106 b
1684 1037 1832 1107 meridie

486 1221 531 1269 ex
547 1222 619 1291 qno
635 1199 658 1269 b
673 1199 916 1290 pomeridiana
938 1199 1103 1270 concione
1126 1199 1280 1269 reditum
1302 1207 1358 1269 est
1381 1198 1476 1289 (post
1497 1199 1668 1288 repetitas
1689 1220 1779 1290 quas
1795 1201 1835 1270 in

488 1364 622 1452 templo
639 1361 826 1432 audierant
841 1362 1039 1454 conciones)
1056 1363 1231 1433 rationem
1247 1359 1421 1454 exigebat
1469 1357 1608 1430 Deinde
1626 1359 1835 1433 Catecbesin

484 1523 709 1596 Palatinatus
718 1547 840 1597 eorum
854 1525 1033 1596 mentibus
1044 1526 1233 1620 diligenter
1245 1524 1448 1607 inculcavit,
1460 1522 1831 1615 ettextusSuipturae

482 1690 628 1759 selectos
644 1686 830 1779 perspicue
846 1690 1100 1780 interpretatus
1117 1698 1183 1766 est,
1198 1688 1359 1759 adhibita
1370 1689 1480 1759 etiam
1491 1695 1657 1759 accurata
1668 1690 1829 1780 analysi3

482 1873 555 1944 qua
579 1850 746 1922 facillime
771 1860 928 1922 mentem
961 1851 1116 1942 Spiritus
1146 1851 1267 1923 Sancti
1296 1853 1436 1943 assequi
1465 1861 1633 1943 possent:
1667 1853 1828 1945 nihilque

481 2017 602 2086 omisit
614 1974 736 2085 eorum
747 2036 830 2107 quae
846 2015 892 2084 ad
905 2013 974 2084 Dei
986 2015 1225 2107 cognitionem
1236 2022 1272 2084 et
1282 2015 1447 2084 timorem
1465 2015 1740 2087 adolescentium
1753 2018 1829 2085 ani-

480 2178 549 2247 mis
565 2177 845 2268 imprimendum
862 2175 975 2246 facere
992 2177 1130 2267 possint
1146 2174 1276 2268 quibus
1296 2177 1409 2267 ipsius
1428 2175 1609 2246 laboribus
1633 2175 1727 2246 felici
1751 2198 1828 2248 suc-

480 2361 580 2409 cessu
597 2336 738 2408 abunde
760 2338 942 2408 benedixit
967 2338 1075 2408 Deus.
1126 2337 1253 2430 Neque
1276 2347 1397 2410 tamen
1416 2338 1494 2411 *haec
1511 2348 1613 2410 tanta
1635 2340 1675 2410 in
1695 2341 1824 2411 studiis

479 2500 622 2590 pietatis
644 2499 812 2569 sedulitas
830 2500 1020 2589 quicquam
1042 2509 1218 2569 remorata
1237 2509 1292 2570 est
1310 2502 1490 2571 ordinaria
1506 2502 1741 2573 humanitatis
1759 2511 1823 2573 aut

476 2663 712 2754 philosophiae
728 2662 856 2732 studia
908 2659 1003 2731 Nam
1020 2670 1096 2731 toto
1112 2662 1337 2752 quadriennii
1357 2664 1544 2744 curriculo,
1571 2673 1760 2754 postquam
1784 2667 1824 2733 in

476 2821 617 2896 Graecae
630 2826 765 2918 linguae
778 2824 979 2917 cognitione
990 2823 1103 2914 probe
1120 2846 1178 2894 eos
1195 2825 1420 2907 institiusset
1437 2846 1578 2895 summa
1591 2846 1677 2896 cura
1690 2836 1726 2895 et
1738 2828 1821 2896 soli-

475 2989 631 3059 citudine
647 2985 853 3058 Aristotelis
869 2992 1074 3057 contextum
1097 2987 1248 3080 singulis
1267 2986 1501 3058 bebdomadae
1522 2985 1648 3058 diebus
1667 2988 1822 3078 discipu·
1922 3064 1928 3075 ,

474 3151 703 3245 lispraelegit‚
712 3172 859 3221 exorsus
869 3149 914 3220 ab
926 3149 1073 3244 Organo
1086 3150 1231 3245 Logico,
1243 3148 1377 3222 Ethica
1388 3149 1709 3223 Nichomacbeiaet
1719 3150 1817 3243 Phy-

473 3318 546 3387 sica
568 3316 755 3409 percurrit,
778 3314 908 3407 quibus
929 3315 1057 3408 adjecit
1080 3318 1188 3387 etiam
1211 3315 1461 3389 Aritbmeticae
1484 3318 1669 3409 principia,
1691 3318 1820 3388 doctri-

473 3504 556 3552 nam
573 3482 617 3552 de
633 3479 828 3552 Anatomia
853 3480 1009 3570 corporis
1035 3479 1195 3562 humani,
1212 3481 1262 3551 de'
1277 3480 1426 3572 Sphaera
1455 3476 1633 3568 (accurate
1658 3483 1819 3571 exposito

471 3653 573 3716 textu
589 3643 613 3712 J
614 3644 739 3714 oannis
756 3642 811 3712 De
827 3640 935 3713 Sacro
947 3641 1087 3735 Basso),
1099 3644 1144 3713 de
1157 3642 1393 3737 Geograpbia,
1406 3651 1449 3714 ut
1463 3644 1596 3713 mirum
1610 3643 1725 3713 videri
1735 3664 1817 3732 pos-

468 3811 526 3892 sit,
543 3818 605 3880 aut
622 3807 779 3901 potuisse
795 3827 877 3876 eum
897 3815 972 3876 tarn
994 3806 1109 3875 multa
1130 3808 1264 3888 docere,
1285 3816 1349 3877 aut
1365 3807 1555 3898 discipulos
1581 3806 1730 3886 discere,
1748 3807 1814 3895 qui

469 3986 588 4045 tamen
602 3968 694 4060 (Deo
706 3971 819 4063 ipsius
830 3968 1010 4041 laboribus
1022 3969 1262 4062 benedicente)
1273 3971 1326 4041 ita
1336 3972 1376 4041 in
1388 3971 1540 4065 singulis
1552 3970 1648 4041 hisee
1661 3967 1817 4061 profece-

468 4148 564 4220 runt,
574 4147 616 4208 ut
625 4159 698 4209 non
707 4137 826 4208 minus
837 4133 953 4229 parati
964 4141 1081 4204 essent
1090 4134 1134 4204 de
1144 4155 1357 4225 unoquoque
1366 4135 1541 4207 rationem
1549 4134 1694 4205 reddere
1703 4153 1812 4224 quam

469 4303 498 4370 si
517 4304 549 4370 ei
567 4302 632 4369 soli
652 4256 988 4393 neglectis'reliquis
1008 4298 1278 4370 incubuissent:
1304 4298 1374 4369 Sed
1393 4299 1432 4369 in
1453 4306 1556 4369 tanta
1571 4296 1752 4368 alacritate
1772 4317 1813 4362 ac

466 4463 667 4533 animorum
692 4463 972 4553 promptitudine
1000 4470 1136 4553 quanta
1158 4470 1236 4532 tum
1261 4463 1300 4532 in
1322 4458 1600 4533 adolescentibus
1627 4457 1698 4529 fuit
1723 4457 1810 4547 quid
