4590 6024
474 784 522 852 52
953 781 1072 847 VITA
1094 780 1159 847 ΕΤ
1181 779 1356 847 OBITUS

474 1036 496 1069 “
507 1028 611 1110 Veni,
628 1029 792 1112 Domine,
809 1051 853 1099 ne
863 1027 1002 1100 morare
1016 1051 1026 1112 ;
1045 1031 1115 1100 diei
1127 1032 1311 1122 noctisque
1323 1028 1466 1100 fastidio
1476 1032 1589 1100 lassus
1599 1049 1679 1099 sum
1694 1048 1704 1110 ;
1718 1029 1817 1106 veni,

472 1189 625 1260 Domine
637 1189 735 1273 Jesu,
752 1200 795 1261 ut
811 1193 856 1261 sd
873 1188 908 1262 t'e
920 1194 1073 1262 veniam.
1116 1194 1150 1263 O
1163 1194 1264 1263 dulce
1276 1192 1435 1265 faustum
1452 1213 1494 1262 ac
1509 1192 1595 1262 felix
1608 1192 1695 1262 vitae
1708 1191 1817 1285 hujus

471 1352 690 1422 divortium:
714 1356 803 1435 veni,
817 1352 982 1435 Domine,
998 1355 1146 1425 dulcedo
1162 1375 1253 1436 mea,
1270 1355 1490 1444 emancipato
1502 1355 1659 1423 animam
1672 1353 1764 1424 hanc
1777 1363 1818 1424 ut

469 1518 644 1586 temarito
653 1515 826 1586 fruatur.”
852 1516 948 1586 Tum
959 1540 1004 1586 ex
1014 1516 1213 1587 astantibus
1225 1538 1331 1598 unus,
1350 1523 1371 1554 “
1384 1515 1526 1586 Neesto
1543 1518 1682 1599 anxius,
1693 1520 1820 1587 accele-

469 1678 711 1750 ratDominus
722 1681 990 1762 tuus:”cniille,
1002 1679 1181 1750 “Gratum
1192 1680 1293 1762 mibi,
1302 1680 1432 1770 inquit,
1442 1679 1539 1749 istud
1550 1680 1728 1750 nuntium.
1740 1679 1821 1749 Uti·
1948 1754 1950 1758 ,

469 1863 553 1910 nam
566 1843 624 1912 die
636 1845 790 1913 crastino
804 1844 969 1934 exequias
983 1865 1079 1913 meas
1089 1843 1293 1913 duceretis.''
1319 1842 1417 1912 Tum
1429 1844 1530 1924 alter,
1544 1842 1690 1912 “Beata
1702 1844 1821 1912 anima

468 2002 709 2073 tamDomino
719 2004 954 2095 vicinaquam
963 2006 1060 2075 tua:'’
1072 2004 1137 2074 Ille
1146 2005 1242 2086 verb,
1253 2011 1274 2043 ‘⁶
1284 2004 1328 2075 In
1338 2029 1395 2081 me
1403 2006 1495 2075 nihil
1504 2013 1558 2074 est
1568 2006 1664 2096 quod
1674 2028 1746 2076 non
1756 2006 1821 2074 du-

470 2189 547 2238 cam
564 2190 629 2259 pro
647 2168 860 2239 stercoribus
877 2178 920 2239 ut
933 2169 1119 2241 Christum
1135 2170 1378 2241 lucrifaciam:
1400 2170 1564 2242 Christus
1581 2171 1687 2240 unica
1703 2172 1820 2240 solatii

466 2331 641 2400 materia:
660 2334 775 2403 omnis
787 2333 931 2425 justitia
943 2356 1023 2402 mea
1036 2356 1175 2424 pannus
1189 2335 1427 2404 immundus?
1466 2332 1713 2427 interrogatus
1731 2357 1821 2405 nun-

469 2494 720 2585 quidpastoris
735 2497 845 2567 ullius
863 2497 1057 2588 alloquium
1067 2496 1257 2591 flagitaret,
1267 2499 1460 2589 respondit,
1487 2504 1508 2536 ‘⁶
1520 2497 1604 2569 Non
1616 2509 1819 2569 creaturum

470 2680 507 2727 se
517 2660 562 2729 iis
572 2661 770 2731 molestiam
781 2660 878 2751 qubd
888 2663 933 2731 ad
947 2662 1227 2732 concionandum
1237 2683 1274 2731 se
1284 2664 1528 2756 accingerent:
1547 2661 1671 2743 Sinite,
1682 2663 1813 2753 inquit,

469 2844 527 2892 me
546 2823 688 2913 psittaci
709 2824 823 2893 instar
839 2846 921 2893 cum
939 2823 1094 2894 Domino
1111 2847 1190 2893 meo
1208 2823 1414 2894 balbutire.”
1464 2823 1605 2893 Certior
1628 2823 1743 2895 factus
1767 2827 1821 2893 in-

470 2987 865 3070 choatamconcionem;
885 2994 906 3026 ‘⁶
915 2987 973 3057 Da
983 2989 1083 3070 mihi,
1094 2989 1224 3080 inquit.
1234 2987 1400 3070 Domine,
1411 3010 1453 3057 ca
1463 2988 1582 3058 videre
1591 3010 1670 3079 quae
1681 2989 1719 3058 in
1729 3010 1821 3079 prae·

471 3151 849 3223 sentiaaliiaudiunt.'’
877 3152 1048 3223 Sabbathi
1061 3154 1207 3223 meridie
1220 3153 1509 3224 siceum'affatur
1521 3154 1689 3244 quidam3
1718 3152 1821 3223 “Per

472 3339 611 3423 omnem
640 3317 752 3387 vitam
777 3327 878 3387 tuam
903 3317 1079 3387 indefessa
1101 3339 1208 3408 opera
1231 3319 1432 3409 sedulisque
1455 3314 1636 3389 laboribus
1654 3316 1722 3388 Dei
1744 3320 1821 3411 glo-

471 3483 561 3550 riam
572 3483 782 3573 promovisti
795 3482 822 3550 :'’
839 3489 918 3551 tum
931 3483 1001 3563 ille,
1015 3488 1036 3520 ‘⁶
1048 3480 1142 3551 Mihi
1155 3482 1261 3551 unica
1273 3482 1449 3574 gloriandi
1462 3482 1613 3551 materia
1624 3482 1821 3551 misericor·

472 3646 531 3715 dia
549 3644 628 3727 Dei,
644 3647 684 3715 in
701 3644 845 3715 Christo
861 3645 885 3712 J
887 3668 960 3726 esu,
976 3648 1047 3715 alia
1063 3646 1184 3715 omnia
1199 3645 1331 3714 damna
1346 3644 1465 3714 duco.”
1508 3642 1603 3713 Dein
1620 3665 1726 3733 sopor
1742 3648 1822 3734 qui·

468 3811 551 3881 dam
568 3808 685 3878 mollis
702 3830 784 3877 eum
801 3809 950 3888 invadit,
967 3810 1030 3899 qui
1047 3809 1086 3877 in
1102 3828 1287 3898 vesperam
1304 3813 1477 3898 occupat:
1494 3827 1566 3896 quo
1582 3805 1741 3876 discusso
1762 3808 1816 3875 in-

470 3995 612 4068 gressus
629 3975 675 4043 ad
688 3996 771 4043 eum
784 3975 941 4064 supremi
955 3973 1106 4043 Senatus
1120 3995 1258 4064 praeses,
1273 3974 1331 4043 cui
1345 3970 1549 4066 Edinburgi
1563 3994 1605 4043 eo
1619 3994 1713 4042 anno
1728 3994 1821 4063 prae·

468 4137 605 4209 sectura
617 4138 819 4219 obvenerat,
834 4159 916 4207 eum
934 4137 984 4206 sic
1000 4137 1217 4227 alloquitur:
1237 4137 1501 4207 “Academiam
1518 4158 1614 4206 crnae
1628 4137 1821 4228 Magistra-

468 4310 571 4370 tuum
581 4301 711 4390 quibus
724 4311 776 4382 tu,
790 4300 955 4382 Domine,
968 4322 1082 4392 praees
1096 4303 1187 4372 serio
1199 4303 1443 4373 commendavi
1460 4322 1471 4386 ;
1488 4311 1530 4372 tu
1548 4302 1654 4371 etiam
1672 4299 1819 4369 eandem

467 4463 505 4531 in
523 4462 760 4552 patrocinium
773 4471 877 4531 tuum
888 4464 1025 4551 suscipe
1039 4482 1048 4530 z
1062 4464 1274 4552 experiatur,
1287 4484 1421 4553 quaeso,
1433 4472 1469 4548 te
1481 4470 1664 4551 parentem
1677 4482 1718 4532 ac
1728 4459 1819 4532 Mae·
