4590 6024
485 737 534 808 48
917 734 1027 802 mn
1048 737 1114 802 m·
1136 736 1313 804 osrms

481 966 820 1039 camentiuuisvim
836 965 1824 1067 morbilenire(quodvigornatntalisdeliteret)renns·

479 1122 818 1225 rumpentium}
832 1128 1824 1230 AdDeumitnqueversomoue,“Tu,inquit,Deus,

479 1291 1824 1393 medeberismihifflleinpreoeszelointentioeimofnnditoransprimo

478 1453 1823 1549 velletDensubisnisquepeouatispropteruuieumChristisaeriddum

476 1617 652 1709 novitius
664 1639 753 1701 me,
767 1619 1350 1710 mahummariam
1360 1622 1703 1713 apprimeepeeioea,
1718 1645 1825 1715 uror

475 1779 814 1853 terei-ucisChristi
838 1782 1069 1852 eminentiam
1093 1804 1160 1874 pro
1184 1783 1399 1855 stereoribus
1423 1806 1463 1854 se
1486 1785 1637 1855 dnoere:
1662 1795 1825 1876 precatus

474 1944 603 2016 deiude
618 1947 725 2017 vellet
741 1946 828 2018 vilse
844 1968 921 2019 suae
942 1948 1079 2019 exitum
1095 1947 1255 2020 faustum
1277 1971 1320 2019 se
1335 1947 1472 2019 ielioem
1488 1948 1684 2041 indulgere,
1699 1958 1743 2020 ut
1758 1951 1825 2018 mi·

471 2109 1464 2203 seriourdiaealisopsrtusinChristisinuexoederet,
1488 2109 1822 2202 fiuereturqneDei

473 2276 589 2356 vultu,
597 2295 704 2366 quem
713 2272 837 2345 erebro
847 2273 1009 2346 anhelitu
1019 2273 1153 2345 intueri
1163 2275 1265 2346 sitiit.
1299 2273 1600 2370 “Egoteinquit
1608 2272 1823 2344 subobscure

473 2442 512 2509 in
528 2438 629 2509 verbi
645 2439 788 2530 speculo
804 2439 878 2508 vidi
892 2459 904 2522 ;
920 2440 1053 2532 largire
1067 2438 1158 2509 mibi
1174 2439 1238 2510 diu
1254 2441 1482 2532 multumque
1497 2441 1612 2530 optsti
1629 2440 1751 2510 vultus
1767 2438 1823 2508 tui

473 2604 726 2697 sempiternam
737 2601 974 2674 fruitionem?
999 2604 1055 2675 De
1071 2607 1328 2677 resurrectione
1343 2616 1380 2677 et
1389 2607 1465 2678 vita
1477 2615 1613 2676 veterna
1624 2605 1733 2676 verbs
1742 2628 1823 2698 pro·

471 2769 542 2841 fert
564 2768 843 2841 immortalitatis
862 2790 1007 2840 sensum
1027 2769 1211 2862 spirantia
1262 2768 1420 2864 Singulis
1436 2771 1500 2862 qui
1516 2768 1681 2870 astabant
1695 2769 1822 2839 dextra

471 2933 655 3027 prehensis
677 2952 819 3005 summa
844 2932 1036 3005 verborum
1058 2935 1228 3005 sumitate
1249 2957 1292 3005 se
1310 2933 1488 3029 gravitate
1510 2932 1697 3016 benedicit,
1717 2931 1822 3003 bene-

471 3100 661 3171 dictionem
682 3099 945 3174 hortationibus
966 3123 1033 3193 pro
1054 3101 1227 3197 cujusque
1251 3101 1369 3171 indole
1391 3122 1434 3170 se
1457 3120 1604 3170 munere
1628 3098 1823 3191 prudenter

326 3230 331 3243 ⁹
469 3265 603 3338 misoet.
630 3261 690 3336 Ea
704 3274 808 3336 nocte
823 3275 955 3357 praeter
971 3287 1071 3357 spem
1087 3262 1235 3357 psuldm
1253 3264 1441 3357 requievit.
1465 3262 1535 3335 Die
1551 3263 1614 3355 qui
1630 3285 1713 3334 eum
1730 3265 1822 3335 inse·

468 3438 573 3500 cutus
592 3436 648 3501 est
666 3426 796 3500 urbani
811 3429 1055 3524 magistratus,
1079 3429 1279 3520 oomplures
1300 3428 1410 3498 etiam
1432 3449 1477 3498 ex
1498 3427 1622 3498 ordine
1643 3427 1822 3498 senatorio

469 3614 551 3662 eum
564 3594 738 3677 invisunt,
747 3616 837 3685 quos
849 3595 958 3688 juxta
968 3595 1099 3664 lectum
1111 3589 1356 3663 accumbentes
1368 3590 1420 3659 sic
1431 3589 1572 3660 affatur.
1600 3595 1623 3627 “
1634 3588 1818 3669 Quantum

468 3758 654 3856 praesagiis
670 3759 753 3830 ullis
770 3755 912 3852 assequi
927 3758 1029 3827 valeo
1047 3754 1301 3827 absolvendum
1321 3751 1412 3822 mihi
1428 3751 1515 3822 ritae
1531 3773 1693 3842 pensum,
1707 3751 1820 3843 ‘depo-

467 3928 625 3999 nendum
641 3925 871 4020 corruptibile
887 3924 955 3995 hoc
970 3921 1127 4014 eorporis
1144 3918 1405 3999 indumentum,
1428 3918 1687 3988 transeundum
1701 3916 1741 3986 in
1758 3936 1820 4007 ps-

467 4096 574 4168 triam
589 4116 598 4167 ι
616 4093 743 4188 Neque
756 4092 823 4164 hoe
834 4091 924 4163 mibi
937 4088 1103 4160 aoerbum
1114 4107 1126 4170 ;
1143 4084 1379 4157 novissimum
1396 4083 1493 4153 enim
1507 4081 1616 4174 hujus
1627 4081 1708 4150 vitae
1723 4079 1818 4148 diem

466 4260 589 4331 erebra
598 4260 659 4331 siti
671 4255 877 4349 concupivi·
911 4253 1106 4324 Aoademia
1118 4272 1257 4343 semper
1269 4247 1416 4320 anxium
1428 4268 1486 4316 me
1500 4242 1656 4314 maxime
1668 4240 1816 4324 habuit;

467 4444 534 4516 ego
550 4442 628 4492 eam
640 4421 718 4515 jam
734 4418 951 4497 deserturus,
973 4416 1004 4485 si
1027 4414 1175 4485 celarem
1193 4432 1300 4503 quem
1321 4430 1399 4479 meo
1418 4406 1551 4478 calculo
1573 4401 1816 4474 sufficiendum
