4590 6024
1006 731 1264 800 EPITAPHIA

768 934 896 1009 Quibus
910 932 1054 999 solutum
1067 934 1191 1000 lumine
1206 934 1364 1022 perpetim

764 1052 1025 1147 Motuqueaoliu
1041 1076 1118 1118 mox
1131 1062 1219 1140 potet
1235 1053 1387 1119 infimum

807 1172 936 1238 Lunam
951 1172 1119 1259 polorum3
1135 1173 1254 1260 quippe
1269 1195 1384 1239 orarem

849 1290 1008 1377 Deposita
1026 1291 1185 1378 gravitate
1199 1302 1304 1358 terrae.

763 1409 919 1475 Rolloeua
933 1409 1033 1497 hujus
1047 1410 1189 1476 Daedalii
1203 1411 1263 1476 soli

761 1528 903 1594 Divinus
916 1531 1042 1618 hospes,
1058 1553 1093 1595 ee
1107 1552 1233 1617 quoque
1247 1532 1345 1596 terrei

804 1647 967 1736 Veiique,
983 1647 1127 1737 nolitque
1142 1649 1352 1716 imbuendum

850 1766 1013 1853 Spuroitie
1029 1768 1162 1833 dederat
1177 1767 1315 1832 theatri:

756 1886 830 1950 Nou
849 1906 909 1950 oeu
923 1886 1096 1972 profanum
1109 1885 1238 1972 vulgus,
1254 1897 1287 1951 et
1300 1884 1398 1973 impid

757 2004 1024 2070 Coutaminantea
1038 2003 1061 2071 J
1064 2004 1181 2069 uatitioe
1196 2005 1286 2080 vias3

800 2123 869 2198 Qui
881 2121 966 2210 aaepd
980 2145 1087 2189 sacras
1102 2123 1285 2190 functiones

841 2240 988 2328 Flagitiio
1004 2241 1169 2308 maculant
1183 2240 1342 2329 pudendis
1356 2240 1365 2308 ἔ

755 2358 881 2424 Verium
894 2359 1020 2447 potenti
1033 2360 1158 2426 lumine
1174 2360 1317 2448 Spiritus

755 2477 913 2563 Motuque
927 2476 1042 2556 sancti,
1058 2478 1169 2565 purior
1182 2477 1286 2543 indies

799 2595 925 2674 Euaeit,
940 2603 1083 2660 attractu
1097 2617 1250 2681 supremo

777 2772 785 2787 ,
841 2713 956 2779 Donec
969 2713 1033 2779 iter
1046 2711 1173 2801 peragit
1186 2711 1361 2781 reoluauua

757 2833 884 2899 Lumen
898 2831 1081 2920 probabunt
1094 2831 1391 2919 pneumatieilliuo,

753 2949 822 3026 Qui
835 2950 940 3017 multa
953 2948 1063 3016 aanotd
1077 2949 1206 3037 scripsit
1220 2949 1375 3038 opuscula
1388 2974 1396 3013 :

798 3069 979 3156 Motuoque
993 3068 1097 3134 cuivis
1110 3068 1262 3134 emioabit

842 3186 1016 3273 Integritaa
1030 3186 1084 3252 oui
1098 3195 1177 3253 nota
1189 3185 1266 3253 vitae
1280 3198 1340 3253 est.

758 3305 869 3380 Quare
882 3314 1030 3372 reoootue
1043 3303 1167 3371 lumine
1183 3304 1324 3393 Spiritus

755 3425 913 3510 Motuque
928 3424 1042 3503 saneti,
1058 3423 1098 3490 de
1112 3423 1245 3491 Jehovae
1260 3425 1377 3490 throno

800 3542 982 3608 Potentiori
996 3542 1166 3609 defluentia

838 3658 986 3724 Sidereoa
999 3658 1163 3745 superavit
1178 3680 1254 3722 axes
1269 3682 1276 3720 :

755 3776 901 3866 Ipaioque
915 3775 1004 3841 ecelis
1018 3775 1154 3841 intimus
1168 3773 1292 3840 intimis

761 3893 848 3961 Viuit
862 3895 973 3962 beator
987 3892 1165 3971 ooelioolaa3
1180 3893 1237 3958 ubi

799 4013 962 4100 Contegio
975 4013 1119 4078 humano
1131 4020 1276 4077 remotus

839 4132 938 4199 Liber
952 4141 1028 4220 aget
1040 4131 1201 4220 placidam
1215 4129 1365 4217 quietem.

1055 4369 1186 4434 Aaron.

754 4487 834 4552 Cur
849 4509 926 4572 ergo
940 4486 1046 4552 functi
1060 4488 1178 4553 funera
1190 4487 1351 4554 defleam?

755 4607 828 4672 Aut
842 4604 976 4671 tristiori
991 4605 1135 4672 oarmiue
1149 4627 1332 4691 provocem,
