<?xml version="1.0" encoding="UTF-8"?>
<!DOCTYPE html PUBLIC "-//W3C//DTD XHTML 1.0 Transitional//EN"
    "http://www.w3.org/TR/xhtml1/DTD/xhtml1-transitional.dtd">
<html xmlns="http://www.w3.org/1999/xhtml" xml:lang="en" lang="en">
 <head>
  <title>
</title>
<meta http-equiv="Content-Type" content="text/html;charset=utf-8" />
  <meta name='ocr-system' content='tesseract 3.04.00' />
  <meta name='ocr-capabilities' content='ocr_page ocr_carea ocr_par ocr_line ocrx_word'/>
</head>
<body>
  <div class='ocr_page' id='page_1' title='image "./devitaetmortero00chargoog_0035.png"; bbox 0 0 4530 6076; ppageno 0'>
   <div class='ocr_carea' id='block_1_1' title="bbox 514 804 1370 871">
    <p class='ocr_par' dir='ltr' id='par_1_1' title="bbox 514 804 1370 871">
     <span class='ocr_line' id='line_1_1' title="bbox 514 804 1370 871; baseline -0.004 0"><span class='ocrx_word' id='word_1_1' title='bbox 514 808 562 871; x_wconf 71' lang='lat'>20</span> <span class='ocrx_word' id='word_1_2' title='bbox 1014 804 1132 868; x_wconf 90' lang='lat' dir='ltr'>VITA</span> <span class='ocrx_word' id='word_1_3' title='bbox 1153 804 1217 868; x_wconf 88' lang='grc' dir='ltr'>ΕΤ</span> <span class='ocrx_word' id='word_1_4' title='bbox 1241 805 1370 870; x_wconf 89' lang='lat' dir='ltr'><strong>MORS</strong></span> 
     </span>
    </p>
   </div>
   <div class='ocr_carea' id='block_1_2' title="bbox 516 1030 1862 1124">
    <p class='ocr_par' dir='ltr' id='par_1_2' title="bbox 516 1030 1862 1124">
     <span class='ocr_line' id='line_1_2' title="bbox 516 1030 1862 1124; baseline 0.003 -22"><span class='ocrx_word' id='word_1_5' title='bbox 516 1043 593 1102; x_wconf 89' lang='lat' dir='ltr'>tore</span> <span class='ocrx_word' id='word_1_6' title='bbox 615 1032 791 1102; x_wconf 85' lang='lat' dir='ltr'>uberrime</span> <span class='ocrx_word' id='word_1_7' title='bbox 816 1031 947 1115; x_wconf 83' lang='lat' dir='ltr'>hausit,</span> <span class='ocrx_word' id='word_1_8' title='bbox 971 1030 1248 1124; x_wconf 87' lang='lat' dir='ltr'>professorisque</span> <span class='ocrx_word' id='word_1_9' title='bbox 1275 1031 1513 1123; x_wconf 88' lang='lat' dir='ltr'>Philosophici</span> <span class='ocrx_word' id='word_1_10' title='bbox 1538 1056 1669 1105; x_wconf 91' lang='lat' dir='ltr'>munus</span> <span class='ocrx_word' id='word_1_11' title='bbox 1694 1034 1862 1106; x_wconf 83' lang='lat' dir='ltr'>deoennio</span> 
     </span>
    </p>
   </div>
   <div class='ocr_carea' id='block_1_3' title="bbox 515 1161 1858 1291">
    <p class='ocr_par' dir='ltr' id='par_1_3' title="bbox 515 1161 1858 1291">
     <span class='ocr_line' id='line_1_3' title="bbox 515 1161 1858 1291; baseline 0.006 -29"><span class='ocrx_word' id='word_1_12' title='bbox 515 1161 755 1287; x_wconf 68' lang='lat' dir='ltr'>egregiorum</span> <span class='ocrx_word' id='word_1_13' title='bbox 771 1197 875 1265; x_wconf 90' lang='lat' dir='ltr'>laude</span> <span class='ocrx_word' id='word_1_14' title='bbox 900 1195 1106 1289; x_wconf 81' lang='lat' dir='ltr'>perfimctus</span> <span class='ocrx_word' id='word_1_15' title='bbox 1131 1205 1195 1266; x_wconf 91' lang='lat' dir='ltr'>est.</span> <span class='ocrx_word' id='word_1_16' title='bbox 1247 1193 1355 1265; x_wconf 87' lang='lat' dir='ltr'>Hunc</span> <span class='ocrx_word' id='word_1_17' title='bbox 1376 1216 1439 1265; x_wconf 87' lang='lat' dir='ltr'>vos</span> <span class='ocrx_word' id='word_1_18' title='bbox 1461 1197 1499 1265; x_wconf 93' lang='lat' dir='ltr'>in</span> <span class='ocrx_word' id='word_1_19' title='bbox 1521 1197 1725 1269; x_wconf 80' lang='lat' dir='ltr'>Academiae</span> <span class='ocrx_word' id='word_1_20' title='bbox 1747 1202 1858 1291; x_wconf 92' lang='lat' dir='ltr'>puppi</span> 
     </span>
    </p>
   </div>
   <div class='ocr_carea' id='block_1_4' title="bbox 511 1357 1858 1935">
    <p class='ocr_par' dir='ltr' id='par_1_4' title="bbox 511 1357 1858 1935">
     <span class='ocr_line' id='line_1_4' title="bbox 514 1357 1857 1451; baseline 0.004 -24"><span class='ocrx_word' id='word_1_21' title='bbox 514 1357 639 1437; x_wconf 85' lang='lat' dir='ltr'>sistite,</span> <span class='ocrx_word' id='word_1_22' title='bbox 656 1357 802 1450; x_wconf 91' lang='lat' dir='ltr'>ejusque</span> <span class='ocrx_word' id='word_1_23' title='bbox 819 1361 919 1429; x_wconf 83' lang='lat' dir='ltr'>clavo</span> <span class='ocrx_word' id='word_1_24' title='bbox 936 1358 1112 1451; x_wconf 84' lang='lat' dir='ltr'>apponite,</span> <span class='ocrx_word' id='word_1_25' title='bbox 1129 1358 1247 1430; x_wconf 89' lang='lat' dir='ltr'>Deum</span> <span class='ocrx_word' id='word_1_26' title='bbox 1264 1359 1317 1428; x_wconf 91' lang='lat' dir='ltr'>illi</span> <span class='ocrx_word' id='word_1_27' title='bbox 1332 1357 1538 1449; x_wconf 91' lang='lat' dir='ltr'>propitium,</span> <span class='ocrx_word' id='word_1_28' title='bbox 1557 1359 1704 1451; x_wconf 85' lang='lat' dir='ltr'>ejusque</span> <span class='ocrx_word' id='word_1_29' title='bbox 1720 1361 1857 1434; x_wconf 84' lang='lat' dir='ltr'>labores</span> 
     </span>
     <span class='ocr_line' id='line_1_5' title="bbox 514 1501 1858 1612; baseline 0.001 -21"><span class='ocrx_word' id='word_1_30' title='bbox 514 1521 676 1591; x_wconf 84' lang='lat' dir='ltr'>beantem</span> <span class='ocrx_word' id='word_1_31' title='bbox 694 1522 925 1612; x_wconf 81' lang='lat' dir='ltr'>conspicietis.</span> <span class='ocrx_word' id='word_1_32' title='bbox 960 1518 1035 1592; x_wconf 93' lang='lat' dir='ltr'>Vos</span> <span class='ocrx_word' id='word_1_33' title='bbox 1052 1543 1096 1590; x_wconf 87' lang='lat' dir='ltr'>ex</span> <span class='ocrx_word' id='word_1_34' title='bbox 1113 1520 1226 1592; x_wconf 89' lang='lat' dir='ltr'>officio</span> <span class='ocrx_word' id='word_1_35' title='bbox 1241 1518 1445 1591; x_wconf 78' lang='lat' dir='ltr'>Academiae</span> <span class='ocrx_word' id='word_1_36' title='bbox 1458 1517 1670 1589; x_wconf 83' lang='lat' dir='ltr'>Maecenetes</span> <span class='ocrx_word' id='word_1_37' title='bbox 1687 1501 1728 1588; x_wconf 78' lang='lat' dir='ltr'>ec</span> <span class='ocrx_word' id='word_1_38' title='bbox 1745 1523 1858 1593; x_wconf 83' lang='lat' dir='ltr'>alum-</span> 
     </span>
     <span class='ocr_line' id='line_1_6' title="bbox 512 1681 1857 1773; baseline 0.001 -20"><span class='ocrx_word' id='word_1_39' title='bbox 512 1685 551 1753; x_wconf 90' lang='lat' dir='ltr'>ni</span> <span class='ocrx_word' id='word_1_40' title='bbox 572 1683 704 1762; x_wconf 87' lang='lat' dir='ltr'>essetis,</span> <span class='ocrx_word' id='word_1_41' title='bbox 722 1682 826 1751; x_wconf 83' lang='lat' dir='ltr'>altior</span> <span class='ocrx_word' id='word_1_42' title='bbox 839 1703 961 1772; x_wconf 85' lang='lat' dir='ltr'>quaeso</span> <span class='ocrx_word' id='word_1_43' title='bbox 982 1682 1059 1773; x_wconf 91' lang='lat' dir='ltr'>ejus</span> <span class='ocrx_word' id='word_1_44' title='bbox 1081 1684 1279 1753; x_wconf 90' lang='lat' dir='ltr'>sollicitudo</span> <span class='ocrx_word' id='word_1_45' title='bbox 1301 1685 1438 1753; x_wconf 84' lang='lat' dir='ltr'>animos</span> <span class='ocrx_word' id='word_1_46' title='bbox 1460 1691 1596 1753; x_wconf 89' lang='lat' dir='ltr'>vestros</span> <span class='ocrx_word' id='word_1_47' title='bbox 1617 1681 1751 1753; x_wconf 83' lang='lat' dir='ltr'>subeat.</span> <span class='ocrx_word' id='word_1_48' title='bbox 1800 1683 1857 1754; x_wconf 93' lang='lat' dir='ltr'>De</span> 
     </span>
     <span class='ocr_line' id='line_1_7' title="bbox 511 1844 1855 1935; baseline 0.004 -22"><span class='ocrx_word' id='word_1_49' title='bbox 511 1845 710 1913; x_wconf 87' lang='lat' dir='ltr'>domesticis</span> <span class='ocrx_word' id='word_1_50' title='bbox 727 1845 813 1935; x_wconf 92' lang='lat' dir='ltr'>quid</span> <span class='ocrx_word' id='word_1_51' title='bbox 831 1844 957 1924; x_wconf 83' lang='lat' dir='ltr'>dicam,</span> <span class='ocrx_word' id='word_1_52' title='bbox 973 1862 1121 1912; x_wconf 82' lang='lat' dir='ltr'>uxorem</span> <span class='ocrx_word' id='word_1_53' title='bbox 1138 1844 1260 1913; x_wconf 88' lang='lat' dir='ltr'>desero</span> <span class='ocrx_word' id='word_1_54' title='bbox 1277 1851 1418 1914; x_wconf 81' lang='lat' dir='ltr'>uterum</span> <span class='ocrx_word' id='word_1_55' title='bbox 1436 1844 1618 1928; x_wconf 85' lang='lat' dir='ltr'>ferentem,</span> <span class='ocrx_word' id='word_1_56' title='bbox 1635 1870 1780 1917; x_wconf 83' lang='lat' dir='ltr'>unuma</span> <span class='ocrx_word' id='word_1_57' title='bbox 1793 1870 1855 1919; x_wconf 88' lang='lat' dir='ltr'>vo-</span> 
     </span>
    </p>
   </div>
   <div class='ocr_carea' id='block_1_5' title="bbox 510 2006 1855 2101">
    <p class='ocr_par' dir='ltr' id='par_1_5' title="bbox 510 2006 1855 2101">
     <span class='ocr_line' id='line_1_8' title="bbox 510 2006 1855 2101; baseline 0.004 -26"><span class='ocrx_word' id='word_1_58' title='bbox 510 2006 564 2076; x_wconf 89' lang='lat' dir='ltr'>bis</span> <span class='ocrx_word' id='word_1_59' title='bbox 586 2029 807 2099; x_wconf 78' lang='lat' dir='ltr'>summopere</span> <span class='ocrx_word' id='word_1_60' title='bbox 828 2007 1012 2088; x_wconf 79' lang='lat' dir='ltr'>contendo,</span> <span class='ocrx_word' id='word_1_61' title='bbox 1033 2006 1164 2076; x_wconf 84' lang='lat' dir='ltr'>sentiat</span> <span class='ocrx_word' id='word_1_62' title='bbox 1186 2006 1248 2076; x_wconf 83' lang='lat' dir='ltr'>illa</span> <span class='ocrx_word' id='word_1_63' title='bbox 1272 2029 1428 2076; x_wconf 88' lang='lat' dir='ltr'>amorem</span> <span class='ocrx_word' id='word_1_64' title='bbox 1449 2030 1519 2098; x_wconf 91' lang='lat' dir='ltr'>quo</span> <span class='ocrx_word' id='word_1_65' title='bbox 1540 2030 1679 2101; x_wconf 87' lang='lat' dir='ltr'>semper</span> <span class='ocrx_word' id='word_1_66' title='bbox 1700 2032 1758 2081; x_wconf 90' lang='lat' dir='ltr'>me</span> <span class='ocrx_word' id='word_1_67' title='bbox 1780 2033 1855 2080; x_wconf 81' lang='lat' dir='ltr'>nm·</span> 
     </span>
    </p>
   </div>
   <div class='ocr_carea' id='block_1_6' title="bbox 394 2148 1853 2262">
    <p class='ocr_par' dir='ltr' id='par_1_6' title="bbox 394 2148 1853 2262">
     <span class='ocr_line' id='line_1_9' title="bbox 394 2148 1853 2262; baseline 0.002 -23"><span class='ocrx_word' id='word_1_68' title='bbox 394 2148 401 2159; x_wconf 36' lang='lat'><em>*</em></span> <span class='ocrx_word' id='word_1_69' title='bbox 510 2171 605 2260; x_wconf 89' lang='lat' dir='ltr'>plexi</span> <span class='ocrx_word' id='word_1_70' title='bbox 624 2171 720 2252; x_wconf 85' lang='lat' dir='ltr'>estis,</span> <span class='ocrx_word' id='word_1_71' title='bbox 736 2170 892 2240; x_wconf 85' lang='lat' dir='ltr'>extincto</span> <span class='ocrx_word' id='word_1_72' title='bbox 908 2191 976 2251; x_wconf 92' lang='lat' dir='ltr'>me,</span> <span class='ocrx_word' id='word_1_73' title='bbox 993 2191 1065 2238; x_wconf 92' lang='lat' dir='ltr'>non</span> <span class='ocrx_word' id='word_1_74' title='bbox 1082 2170 1272 2240; x_wconf 85' lang='lat' dir='ltr'>exaruisse.</span> <span class='ocrx_word' id='word_1_75' title='bbox 1310 2167 1853 2262; x_wconf 84' lang='lat' dir='ltr'>Nunquammibidiesautnox</span> 
     </span>
    </p>
   </div>
   <div class='ocr_carea' id='block_1_7' title="bbox 502 2331 1949 4368">
    <p class='ocr_par' dir='ltr' id='par_1_7' title="bbox 502 2331 1949 4368">
     <span class='ocr_line' id='line_1_10' title="bbox 510 2331 1855 2425; baseline 0.004 -26"><span class='ocrx_word' id='word_1_76' title='bbox 510 2331 734 2423; x_wconf 80' lang='lat' dir='ltr'>aegritudinis</span> <span class='ocrx_word' id='word_1_77' title='bbox 752 2352 887 2422; x_wconf 76' lang='lat' dir='ltr'>expete,</span> <span class='ocrx_word' id='word_1_78' title='bbox 904 2332 965 2400; x_wconf 82' lang='lat' dir='ltr'>ille</span> <span class='ocrx_word' id='word_1_79' title='bbox 981 2354 1037 2400; x_wconf 91' lang='lat' dir='ltr'>me</span> <span class='ocrx_word' id='word_1_80' title='bbox 1054 2341 1109 2401; x_wconf 91' lang='lat' dir='ltr'>tot</span> <span class='ocrx_word' id='word_1_81' title='bbox 1124 2332 1330 2402; x_wconf 87' lang='lat' dir='ltr'>morborum</span> <span class='ocrx_word' id='word_1_82' title='bbox 1348 2334 1519 2404; x_wconf 86' lang='lat' dir='ltr'>aerumnis</span> <span class='ocrx_word' id='word_1_83' title='bbox 1540 2344 1758 2425; x_wconf 81' lang='lat' dir='ltr'>quassatum,</span> <span class='ocrx_word' id='word_1_84' title='bbox 1775 2356 1855 2404; x_wconf 80' lang='lat' dir='ltr'>sua·</span> 
     </span>
     <span class='ocr_line' id='line_1_11' title="bbox 508 2491 1854 2586; baseline 0.006 -27"><span class='ocrx_word' id='word_1_85' title='bbox 508 2492 600 2560; x_wconf 79' lang='lat' dir='ltr'>viter</span> <span class='ocrx_word' id='word_1_86' title='bbox 617 2514 755 2584; x_wconf 89' lang='lat' dir='ltr'>semper</span> <span class='ocrx_word' id='word_1_87' title='bbox 770 2491 862 2563; x_wconf 81' lang='lat' dir='ltr'>fovit</span> <span class='ocrx_word' id='word_1_88' title='bbox 877 2514 919 2562; x_wconf 84' lang='lat' dir='ltr'>ae</span> <span class='ocrx_word' id='word_1_89' title='bbox 934 2491 1166 2562; x_wconf 79' lang='lat' dir='ltr'>refocillavit:</span> <span class='ocrx_word' id='word_1_90' title='bbox 1192 2493 1347 2586; x_wconf 77' lang='lat' dir='ltr'>ingenue</span> <span class='ocrx_word' id='word_1_91' title='bbox 1363 2495 1530 2582; x_wconf 86' lang='lat' dir='ltr'>profiteor</span> <span class='ocrx_word' id='word_1_92' title='bbox 1545 2517 1591 2564; x_wconf 86' lang='lat' dir='ltr'>ex</span> <span class='ocrx_word' id='word_1_93' title='bbox 1606 2497 1770 2567; x_wconf 91' lang='lat' dir='ltr'>omnibus</span> <span class='ocrx_word' id='word_1_94' title='bbox 1791 2497 1854 2567; x_wconf 89' lang='lat' dir='ltr'>sti-</span> 
     </span>
     <span class='ocr_line' id='line_1_12' title="bbox 508 2653 1851 2744; baseline 0.003 -22"><span class='ocrx_word' id='word_1_95' title='bbox 508 2654 645 2744; x_wconf 89' lang='lat' dir='ltr'>pendiis</span> <span class='ocrx_word' id='word_1_96' title='bbox 661 2655 749 2723; x_wconf 90' lang='lat' dir='ltr'>meis</span> <span class='ocrx_word' id='word_1_97' title='bbox 766 2676 838 2724; x_wconf 93' lang='lat' dir='ltr'>non</span> <span class='ocrx_word' id='word_1_98' title='bbox 855 2653 1113 2724; x_wconf 84' lang='lat' dir='ltr'>coacervavisse</span> <span class='ocrx_word' id='word_1_99' title='bbox 1129 2674 1187 2723; x_wconf 90' lang='lat' dir='ltr'>me</span> <span class='ocrx_word' id='word_1_100' title='bbox 1203 2653 1323 2723; x_wconf 89' lang='lat' dir='ltr'>obolos</span> <span class='ocrx_word' id='word_1_101' title='bbox 1340 2654 1439 2734; x_wconf 91' lang='lat' dir='ltr'>duos,</span> <span class='ocrx_word' id='word_1_102' title='bbox 1452 2675 1637 2743; x_wconf 80' lang='lat' dir='ltr'>nunquam</span> <span class='ocrx_word' id='word_1_103' title='bbox 1654 2657 1750 2726; x_wconf 89' lang='lat' dir='ltr'>euim</span> <span class='ocrx_word' id='word_1_104' title='bbox 1761 2657 1851 2726; x_wconf 91' lang='lat' dir='ltr'>mihi</span> 
     </span>
     <span class='ocr_line' id='line_1_13' title="bbox 508 2811 1852 2905; baseline -0.001 -17"><span class='ocrx_word' id='word_1_105' title='bbox 508 2818 605 2888; x_wconf 88' lang='lat' dir='ltr'>cordi</span> <span class='ocrx_word' id='word_1_106' title='bbox 622 2826 685 2887; x_wconf 85' lang='lat' dir='ltr'>aut</span> <span class='ocrx_word' id='word_1_107' title='bbox 702 2840 796 2887; x_wconf 87' lang='lat' dir='ltr'>curae</span> <span class='ocrx_word' id='word_1_108' title='bbox 813 2817 993 2887; x_wconf 82' lang='lat' dir='ltr'>mundana</span> <span class='ocrx_word' id='word_1_109' title='bbox 1009 2815 1096 2885; x_wconf 84' lang='lat' dir='ltr'>haec.</span> <span class='ocrx_word' id='word_1_110' title='bbox 1135 2814 1315 2896; x_wconf 88' lang='lat' dir='ltr'>Quorsum</span> <span class='ocrx_word' id='word_1_111' title='bbox 1332 2814 1447 2884; x_wconf 80' lang='lat' dir='ltr'>multa</span> <span class='ocrx_word' id='word_1_112' title='bbox 1462 2811 1571 2884; x_wconf 85' lang='lat' dir='ltr'>verba</span> <span class='ocrx_word' id='word_1_113' title='bbox 1587 2815 1784 2905; x_wconf 76' lang='lat' dir='ltr'>peruerem:</span> <span class='ocrx_word' id='word_1_114' title='bbox 1807 2838 1852 2887; x_wconf 91' lang='lat' dir='ltr'>ne</span> 
     </span>
     <span class='ocr_line' id='line_1_14' title="bbox 508 2977 1853 3072; baseline -0.001 -22"><span class='ocrx_word' id='word_1_115' title='bbox 508 3002 629 3070; x_wconf 85' lang='lat' dir='ltr'>quaeso</span> <span class='ocrx_word' id='word_1_116' title='bbox 646 2980 792 3051; x_wconf 83' lang='lat' dir='ltr'>affectus</span> <span class='ocrx_word' id='word_1_117' title='bbox 809 2988 926 3050; x_wconf 86' lang='lat' dir='ltr'>vester</span> <span class='ocrx_word' id='word_1_118' title='bbox 941 2982 980 3050; x_wconf 93' lang='lat' dir='ltr'>in</span> <span class='ocrx_word' id='word_1_119' title='bbox 1005 3000 1063 3048; x_wconf 93' lang='lat' dir='ltr'>me</span> <span class='ocrx_word' id='word_1_120' title='bbox 1080 2979 1251 3048; x_wconf 83' lang='lat' dir='ltr'>claudicet</span> <span class='ocrx_word' id='word_1_121' title='bbox 1274 2979 1313 3047; x_wconf 92' lang='lat' dir='ltr'>in</span> <span class='ocrx_word' id='word_1_122' title='bbox 1335 2999 1424 3047; x_wconf 83' lang='lat' dir='ltr'>eam.</span> <span class='ocrx_word' id='word_1_123' title='bbox 1475 2977 1723 3072; x_wconf 76' lang='lat' dir='ltr'>Magistratus,</span> <span class='ocrx_word' id='word_1_124' title='bbox 1745 2978 1853 3049; x_wconf 84' lang='lat' dir='ltr'>Sena·</span> 
     </span>
     <span class='ocr_line' id='line_1_15' title="bbox 507 3141 1851 3232; baseline 0.001 -20"><span class='ocrx_word' id='word_1_125' title='bbox 507 3155 613 3223; x_wconf 87' lang='lat' dir='ltr'>tores,</span> <span class='ocrx_word' id='word_1_126' title='bbox 633 3144 768 3212; x_wconf 91' lang='lat' dir='ltr'>solenni</span> <span class='ocrx_word' id='word_1_127' title='bbox 785 3145 959 3232; x_wconf 88' lang='lat' dir='ltr'>promisso</span> <span class='ocrx_word' id='word_1_128' title='bbox 974 3143 1079 3214; x_wconf 89' lang='lat' dir='ltr'>fidem</span> <span class='ocrx_word' id='word_1_129' title='bbox 1096 3144 1184 3213; x_wconf 84' lang='lat' dir='ltr'>dant</span> <span class='ocrx_word' id='word_1_130' title='bbox 1203 3141 1360 3213; x_wconf 82' lang='lat' dir='ltr'>facturos</span> <span class='ocrx_word' id='word_1_131' title='bbox 1382 3165 1420 3213; x_wconf 93' lang='lat' dir='ltr'>se</span> <span class='ocrx_word' id='word_1_132' title='bbox 1437 3143 1557 3213; x_wconf 83' lang='lat' dir='ltr'>omnia</span> <span class='ocrx_word' id='word_1_133' title='bbox 1578 3165 1623 3212; x_wconf 86' lang='lat' dir='ltr'>ex</span> <span class='ocrx_word' id='word_1_134' title='bbox 1646 3143 1756 3212; x_wconf 83' lang='lat' dir='ltr'>animi</span> <span class='ocrx_word' id='word_1_135' title='bbox 1772 3165 1851 3213; x_wconf 91' lang='lat' dir='ltr'>sen·</span> 
     </span>
     <span class='ocr_line' id='line_1_16' title="bbox 506 3300 1854 3418; baseline 0 -43"><span class='ocrx_word' id='word_1_136' title='bbox 506 3306 627 3375; x_wconf 81' lang='lat' dir='ltr'>tentia.</span> <span class='ocrx_word' id='word_1_137' title='bbox 679 3300 903 3375; x_wconf 75' lang='lat' dir='ltr'>Professores</span> <span class='ocrx_word' id='word_1_138' title='bbox 923 3306 1005 3374; x_wconf 91' lang='lat' dir='ltr'>dein</span> <span class='ocrx_word' id='word_1_139' title='bbox 1029 3304 1268 3398; x_wconf 87' lang='lat' dir='ltr'>Philosophiae</span> <span class='ocrx_word' id='word_1_140' title='bbox 1288 3307 1334 3375; x_wconf 84' lang='lat' dir='ltr'>ad</span> <span class='ocrx_word' id='word_1_141' title='bbox 1354 3308 1584 3418; x_wconf 78' lang='lat' dir='ltr'>perstandum</span> <span class='ocrx_word' id='word_1_142' title='bbox 1606 3306 1645 3375; x_wconf 93' lang='lat' dir='ltr'>in</span> <span class='ocrx_word' id='word_1_143' title='bbox 1661 3305 1773 3377; x_wconf 84' lang='lat' dir='ltr'>officio</span> <span class='ocrx_word' id='word_1_144' title='bbox 1795 3307 1854 3375; x_wconf 89' lang='lat' dir='ltr'>de·</span> 
     </span>
     <span class='ocr_line' id='line_1_17' title="bbox 505 3466 1853 3559; baseline 0.001 -22"><span class='ocrx_word' id='word_1_145' title='bbox 505 3467 690 3559; x_wconf 92' lang='lat' dir='ltr'>bitumque</span> <span class='ocrx_word' id='word_1_146' title='bbox 712 3470 901 3538; x_wconf 84' lang='lat' dir='ltr'>successori</span> <span class='ocrx_word' id='word_1_147' title='bbox 927 3490 991 3538; x_wconf 91' lang='lat' dir='ltr'>suo</span> <span class='ocrx_word' id='word_1_148' title='bbox 1011 3466 1218 3558; x_wconf 90' lang='lat' dir='ltr'>obsequium</span> <span class='ocrx_word' id='word_1_149' title='bbox 1240 3468 1416 3538; x_wconf 83' lang='lat' dir='ltr'>bortatur.</span> <span class='ocrx_word' id='word_1_150' title='bbox 1468 3468 1537 3537; x_wconf 87' lang='lat' dir='ltr'>His</span> <span class='ocrx_word' id='word_1_151' title='bbox 1561 3470 1721 3559; x_wconf 82' lang='lat' dir='ltr'>peractis,</span> <span class='ocrx_word' id='word_1_152' title='bbox 1745 3468 1853 3538; x_wconf 83' lang='lat' dir='ltr'>verbe</span> 
     </span>
     <span class='ocr_line' id='line_1_18' title="bbox 504 3619 1949 3721; baseline -0.001 -24"><span class='ocrx_word' id='word_1_153' title='bbox 504 3629 637 3721; x_wconf 80' lang='lat' dir='ltr'>insigni</span> <span class='ocrx_word' id='word_1_154' title='bbox 670 3632 903 3701; x_wconf 84' lang='lat' dir='ltr'>sanctimonia</span> <span class='ocrx_word' id='word_1_155' title='bbox 936 3630 1120 3701; x_wconf 84' lang='lat' dir='ltr'>ebulliunt</span> <span class='ocrx_word' id='word_1_156' title='bbox 1196 3629 1273 3700; x_wconf 90' lang='lat' dir='ltr'>Deo</span> <span class='ocrx_word' id='word_1_157' title='bbox 1314 3652 1404 3711; x_wconf 93' lang='lat' dir='ltr'>meo,</span> <span class='ocrx_word' id='word_1_158' title='bbox 1446 3631 1574 3719; x_wconf 91' lang='lat' dir='ltr'>inquit,</span> <span class='ocrx_word' id='word_1_159' title='bbox 1607 3629 1746 3721; x_wconf 80' lang='lat' dir='ltr'>gratiae,</span> <span class='ocrx_word' id='word_1_160' title='bbox 1779 3650 1853 3696; x_wconf 91' lang='lat' dir='ltr'>me·</span> <span class='ocrx_word' id='word_1_161' title='bbox 1944 3619 1949 3630; x_wconf 87' lang='grc'><strong>’</strong></span> 
     </span>
     <span class='ocr_line' id='line_1_19' title="bbox 503 3791 1850 3885; baseline 0.001 -27"><span class='ocrx_word' id='word_1_162' title='bbox 503 3792 628 3872; x_wconf 83' lang='lat' dir='ltr'>moria,</span> <span class='ocrx_word' id='word_1_163' title='bbox 660 3791 769 3872; x_wconf 88' lang='lat' dir='ltr'>visus,</span> <span class='ocrx_word' id='word_1_164' title='bbox 810 3792 953 3863; x_wconf 82' lang='lat' dir='ltr'>auditus</span> <span class='ocrx_word' id='word_1_165' title='bbox 986 3794 1183 3885; x_wconf 89' lang='lat' dir='ltr'>reliquique</span> <span class='ocrx_word' id='word_1_166' title='bbox 1214 3813 1339 3861; x_wconf 89' lang='lat' dir='ltr'>sensus</span> <span class='ocrx_word' id='word_1_167' title='bbox 1381 3792 1451 3861; x_wconf 91' lang='lat' dir='ltr'>mei</span> <span class='ocrx_word' id='word_1_168' title='bbox 1484 3800 1559 3860; x_wconf 81' lang='lat' dir='ltr'>tum</span> <span class='ocrx_word' id='word_1_169' title='bbox 1593 3791 1710 3884; x_wconf 84' lang='lat' dir='ltr'>vegeti</span> <span class='ocrx_word' id='word_1_170' title='bbox 1742 3811 1850 3881; x_wconf 85' lang='lat' dir='ltr'>quum</span> 
     </span>
     <span class='ocr_line' id='line_1_20' title="bbox 504 3953 1852 4045; baseline -0.001 -23"><span class='ocrx_word' id='word_1_171' title='bbox 504 3975 673 4043; x_wconf 86' lang='lat' dir='ltr'>unquam,</span> <span class='ocrx_word' id='word_1_172' title='bbox 706 3962 762 4023; x_wconf 84' lang='lat' dir='ltr'>ast</span> <span class='ocrx_word' id='word_1_173' title='bbox 790 3953 835 4023; x_wconf 83' lang='lat' dir='ltr'>ab</span> <span class='ocrx_word' id='word_1_174' title='bbox 863 3954 930 4024; x_wconf 90' lang='lat' dir='ltr'>boc</span> <span class='ocrx_word' id='word_1_175' title='bbox 962 3956 1097 4025; x_wconf 90' lang='lat' dir='ltr'>mundo</span> <span class='ocrx_word' id='word_1_176' title='bbox 1129 3955 1321 4024; x_wconf 83' lang='lat' dir='ltr'>alienatum</span> <span class='ocrx_word' id='word_1_177' title='bbox 1352 3976 1413 4023; x_wconf 93' lang='lat' dir='ltr'>cor</span> <span class='ocrx_word' id='word_1_178' title='bbox 1445 3957 1579 4036; x_wconf 66' lang='lat' dir='ltr'>meum,</span> <span class='ocrx_word' id='word_1_179' title='bbox 1610 3963 1646 4025; x_wconf 91' lang='lat' dir='ltr'>et</span> <span class='ocrx_word' id='word_1_180' title='bbox 1683 3974 1852 4045; x_wconf 87' lang='lat' dir='ltr'>quorsum</span> 
     </span>
     <span class='ocr_line' id='line_1_21' title="bbox 505 4109 1852 4207; baseline -0.001 -22"><span class='ocrx_word' id='word_1_181' title='bbox 505 4109 657 4186; x_wconf 90' lang='lat' dir='ltr'>Domine</span> <span class='ocrx_word' id='word_1_182' title='bbox 690 4115 778 4187; x_wconf 86' lang='lat' dir='ltr'>Jesu</span> <span class='ocrx_word' id='word_1_183' title='bbox 809 4118 912 4187; x_wconf 88' lang='lat' dir='ltr'>corde</span> <span class='ocrx_word' id='word_1_184' title='bbox 945 4138 1024 4186; x_wconf 94' lang='lat' dir='ltr'>meo</span> <span class='ocrx_word' id='word_1_185' title='bbox 1049 4139 1120 4187; x_wconf 93' lang='lat' dir='ltr'>non</span> <span class='ocrx_word' id='word_1_186' title='bbox 1149 4115 1328 4199; x_wconf 88' lang='lat' dir='ltr'>fruereris,</span> <span class='ocrx_word' id='word_1_187' title='bbox 1355 4118 1412 4189; x_wconf 88' lang='lat' dir='ltr'>cui</span> <span class='ocrx_word' id='word_1_188' title='bbox 1439 4118 1504 4188; x_wconf 89' lang='lat' dir='ltr'>soli</span> <span class='ocrx_word' id='word_1_189' title='bbox 1535 4118 1573 4187; x_wconf 91' lang='lat' dir='ltr'>in</span> <span class='ocrx_word' id='word_1_190' title='bbox 1598 4117 1687 4188; x_wconf 88' lang='lat' dir='ltr'>illud</span> <span class='ocrx_word' id='word_1_191' title='bbox 1714 4115 1788 4207; x_wconf 88' lang='lat' dir='ltr'>jus,</span> <span class='ocrx_word' id='word_1_192' title='bbox 1813 4115 1852 4183; x_wconf 92' lang='lat' dir='ltr'>in</span> 
     </span>
     <span class='ocr_line' id='line_1_22' title="bbox 502 4278 1853 4368; baseline 0.001 -21"><span class='ocrx_word' id='word_1_193' title='bbox 502 4278 569 4347; x_wconf 92' lang='lat' dir='ltr'>hoc</span> <span class='ocrx_word' id='word_1_194' title='bbox 599 4302 663 4368; x_wconf 89' lang='lat' dir='ltr'>per</span> <span class='ocrx_word' id='word_1_195' title='bbox 692 4301 833 4350; x_wconf 90' lang='lat' dir='ltr'>omnem</span> <span class='ocrx_word' id='word_1_196' title='bbox 866 4282 975 4351; x_wconf 80' lang='lat' dir='ltr'>vitam</span> <span class='ocrx_word' id='word_1_197' title='bbox 1008 4279 1164 4362; x_wconf 89' lang='lat' dir='ltr'>incubui,</span> <span class='ocrx_word' id='word_1_198' title='bbox 1197 4281 1355 4351; x_wconf 91' lang='lat' dir='ltr'>utillud</span> <span class='ocrx_word' id='word_1_199' title='bbox 1384 4282 1450 4352; x_wconf 94' lang='lat' dir='ltr'>tibi</span> <span class='ocrx_word' id='word_1_200' title='bbox 1482 4282 1635 4351; x_wconf 83' lang='lat' dir='ltr'>dicarem</span> <span class='ocrx_word' id='word_1_201' title='bbox 1661 4300 1702 4347; x_wconf 83' lang='lat' dir='ltr'>ac</span> <span class='ocrx_word' id='word_1_202' title='bbox 1734 4299 1853 4349; x_wconf 87' lang='lat' dir='ltr'>couse-</span> 
     </span>
    </p>
   </div>
   <div class='ocr_carea' id='block_1_8' title="bbox 502 4437 1853 4543">
    <p class='ocr_par' dir='ltr' id='par_1_8' title="bbox 502 4437 1853 4543">
     <span class='ocr_line' id='line_1_23' title="bbox 502 4437 1853 4543; baseline 0.004 -38"><span class='ocrx_word' id='word_1_203' title='bbox 502 4459 647 4519; x_wconf 78' lang='lat' dir='ltr'>crarem</span> <span class='ocrx_word' id='word_1_204' title='bbox 672 4441 761 4510; x_wconf 91' lang='lat' dir='ltr'>illud</span> <span class='ocrx_word' id='word_1_205' title='bbox 786 4464 907 4531; x_wconf 88' lang='lat' dir='ltr'>quaeso</span> <span class='ocrx_word' id='word_1_206' title='bbox 936 4463 1085 4523; x_wconf 80' lang='lat' dir='ltr'>assume,</span> <span class='ocrx_word' id='word_1_207' title='bbox 1107 4451 1149 4512; x_wconf 91' lang='lat' dir='ltr'>ut</span> <span class='ocrx_word' id='word_1_208' title='bbox 1169 4451 1286 4512; x_wconf 83' lang='lat' dir='ltr'>tecum</span> <span class='ocrx_word' id='word_1_209' title='bbox 1313 4451 1559 4543; x_wconf 86' lang='lat' dir='ltr'>commoretur.</span> <span class='ocrx_word' id='word_1_210' title='bbox 1611 4437 1702 4509; x_wconf 83' lang='lat' dir='ltr'>Haec</span> <span class='ocrx_word' id='word_1_211' title='bbox 1727 4442 1853 4532; x_wconf 92' lang='lat' dir='ltr'>loquu-</span> 
     </span>
    </p>
   </div>
   <div class='ocr_carea' id='block_1_9' title="bbox 0 0 2270 6075">
    <p class='ocr_par' dir='ltr' id='par_1_9' title="bbox 0 0 2270 6075">
     <span class='ocr_line' id='line_1_24' title="bbox 0 0 2270 6075; baseline 0 0"><span class='ocrx_word' id='word_1_212' title='bbox 0 0 2270 6075; x_wconf 95' lang='lat' dir='ltr'> </span> 
     </span>
    </p>
   </div>
  </div>
 </body>
</html>
