4590 6024
466 763 514 828 22
957 751 1075 816 VITA
1096 750 1161 817 ΕΤ
1184 746 1312 813 MORS

470 988 556 1058 lutis
572 985 736 1057 omnibus
753 985 816 1076 qui
834 986 981 1055 ederant
1006 986 1045 1054 in
1069 1002 1197 1077 genua,
1213 1000 1333 1070 preces
1354 978 1507 1048 celebrat
1523 976 1807 1070 Balcnnquellus.

473 1150 574 1222 Inter
590 1152 727 1243 reliqua
738 1150 887 1246 flagitet,
898 1152 1004 1221 vellet
1020 1147 1118 1218 Deus
1136 1145 1228 1215 tanti
1241 1144 1311 1214 viri
1323 1143 1581 1216 diuturniorem
1593 1167 1739 1216 usuram
1757 1147 1810 1215 in·

471 1318 626 1410 dulgere,
651 1339 732 1386 cum
758 1315 928 1386 Ecclesiae
945 1337 985 1385 ac
1012 1310 1232 1403 Reipublicae
1247 1309 1343 1379 salus
1359 1318 1543 1401 tantopere
1559 1332 1636 1380 eam
1654 1320 1810 1402 poscent.

473 1481 531 1551 Sic
547 1491 707 1552 orantem
724 1482 937 1573 interpellat,
954 1481 1073 1559 satias,
1090 1477 1220 1568 inquit,
1236 1473 1326 1544 mibi
1342 1474 1451 1567 hujus
1468 1475 1564 1556 vitae,
1577 1475 1680 1544 unice
1695 1476 1735 1544 in
1751 1497 1813 1546 vo·

471 1649 518 1718 tis
547 1649 635 1718 meis
664 1648 777 1718 habeo
805 1648 918 1717 vitam
940 1649 1115 1717 coelestem
1144 1664 1225 1711 cum
1252 1639 1329 1710 Deo
1353 1640 1393 1709 in
1417 1638 1562 1712 Christo
1585 1642 1813 1712 reconditam.

473 1812 737 1882 consummatis
759 1812 921 1903 precibus
938 1813 977 1881 in
994 1809 1094 1881 verbi
1116 1806 1300 1898 praedicati
1324 1806 1478 1878 illustria
1494 1809 1654 1878 encomia
1669 1811 1814 1879 resolvi·

476 1988 559 2049 tur:
585 1977 756 2059 Verbum,
773 1978 901 2068 inquit,
919 1978 1005 2058 vita,
1028 1998 1135 2060 mors,
1156 1999 1221 2048 nec
1237 1980 1311 2048 ulla
1331 1979 1395 2046 ulli
1419 1974 1551 2067 absque
1571 1973 1678 2046 verbo
1694 1977 1789 2045 salus
1805 1992 1814 2040 2

475 2166 547 2213 non
573 2152 637 2224 est,
654 2143 785 2213 credite
807 2141 908 2223 mihi,
930 2140 1029 2212 flocci
1049 2144 1232 2237 negotium
1254 2143 1404 2213 verbum
1428 2142 1648 2232 praedicare:
1672 2143 1817 2233 perinde

475 2331 548 2380 non
564 2318 618 2379 est
634 2330 674 2378 ac
690 2307 861 2389 Platonis,
878 2306 1127 2380 Aristotelisve
1139 2318 1279 2380 textum
1291 2309 1528 2399 interpretari,
1543 2317 1607 2378 aut
1619 2308 1815 2379 cretionem

477 2473 669 2567 pigmentis
686 2493 727 2540 ac
742 2472 915 2541 lenocinio
934 2476 1106 2543 sermonis
1123 2474 1271 2544 oblitam
1288 2481 1496 2544 contexere:
1513 2475 1552 2543 in
1574 2475 1817 2556 sanctimonia,

476 2638 690 2720 humilitate,
707 2636 835 2707 efficaci
852 2637 1000 2728 spiritus
1017 2638 1316 2707 demonstratione
1332 2638 1443 2706 situm
1460 2646 1514 2707 est
1530 2636 1630 2706 111111
1646 2639 1818 2727 praeeoni-

477 2825 563 2875 um:
589 2805 713 2897 quanti
732 2805 821 2874 illud
842 2824 980 2894 semper
1002 2803 1145 2873 fecerim
1162 2803 1263 2873 testis
1286 2802 1395 2872 Deus.
1446 2800 1542 2872 Dein
1562 2802 1608 2871 ad
1629 2823 1747 2893 preces
1764 2825 1818 2871 re·

479 2974 641 3054 vertitur,
656 2969 761 3053 Veni,
778 2971 907 3062 inquit,
923 2968 1076 3040 Domine
1092 2967 1116 3038 J
1117 2991 1190 3051 esu,
1203 2969 1331 3041 horum
1345 2970 1527 3040 oculorum
1540 2989 1667 3039 nervos
1680 2991 1818 3060 rumpe,

480 3140 566 3208 alios
583 3137 673 3207 mihi
689 3137 843 3229 largire:
868 3136 971 3225 cupio
988 3136 1144 3218 dissolvi,
1157 3159 1198 3206 ac
1214 3145 1332 3206 tecum
1348 3156 1435 3217 esse,
1452 3143 1595 3206 mature
1610 3136 1733 3205 venire
1746 3133 1818 3205 Do-

481 3306 577 3374 mine
601 3302 700 3384 Jesu‚
725 3324 770 3371 ne
794 3303 890 3371 ultra
914 3300 1040 3370 differ:
1069 3303 1233 3394 egredere
1257 3303 1388 3393 pusille
1412 3301 1498 3384 vite,
1516 3302 1570 3372 'ut
1598 3301 1819 3395 ingrediatur

481 3471 606 3541 melior
622 3469 684 3538 illa
698 3469 776 3537 vite
791 3466 881 3537 Dei:
905 3469 1019 3537 insere
1035 3466 1188 3538 Domine
1200 3465 1225 3536 J
1225 3488 1288 3537 esu
1304 3468 1388 3537 huic
1399 3469 1538 3558 corpori
1553 3488 1700 3537 manum
1717 3477 1817 3536 tuum

482 3636 598 3725 arripe
615 3633 680 3703 tibi
697 3633 852 3702 animam
867 3633 984 3702 istam.

533 3798 594 3869 Ad
611 3796 781 3867 Sabbathi
795 3817 960 3865 auroram
972 3817 1084 3887 usque
1096 3800 1209 3869 altum
1221 3798 1274 3867 illi
1287 3797 1479 3879 silentium,
1493 3797 1588 3888 quod
1600 3797 1743 3868 tandem
1756 3796 1823 3868 hoc

484 3987 644 4036 sermone
654 3961 808 4051 abrupit,
818 3958 911 4032 Veni
923 3960 1087 4044 Domine,
1099 3986 1144 4034 ne
1156 3987 1311 4035 morere:
1324 3965 1394 4034 diei
1406 3964 1589 4056 noctisque
1600 3963 1744 4036 fastidio
1755 3966 1824 4036 les·

485 4153 545 4201 sus
562 4152 654 4213 sum,
671 4129 754 4199 veni
769 4126 923 4198 Domine
938 4127 1027 4198 Je'su
1042 4138 1085 4199 ut
1100 4131 1146 4200 ad
1168 4139 1203 4201 te
1226 4132 1376 4201 veniam.
1427 4129 1589 4213 Oduloe,
1610 4130 1768 4200 faustum
1784 4152 1825 4199 ac

488 4294 575 4364 felix
591 4296 677 4365 vitae
693 4294 802 4388 hujus
818 4295 1025 4377 divortium,
1051 4296 1133 4365 veni
1155 4294 1309 4366 Domine
1326 4297 1473 4368 dulcedo
1496 4317 1585 4376 mee,
1603 4294 1826 4385 emancipato

344 4433 353 4457 ²
474 4460 646 4529 *animam
663 4459 755 4528 hanc
770 4467 813 4528 ut
828 4469 864 4528 te
880 4460 1009 4528 marito
1025 4481 1091 4529 suo
1106 4459 1259 4542 fruetur,
1276 4483 1336 4531 cor
1352 4461 1450 4531 istud
1459 4481 1578 4529 meum
1591 4458 1771 4550 bipartite,
1783 4469 1826 4530 ut
