4590 6024
1106 749 1364 814 EPITAPHIA

655 1062 806 1136 Srnnns,
823 1080 898 1124 eum
913 1082 1066 1147 superum
1080 1061 1247 1148 applausu,
1263 1085 1367 1127 novus
1381 1063 1488 1128 ineols
1502 1066 1629 1129 scandit

698 1179 862 1258 Rolloeus,
879 1191 911 1243 et
926 1178 985 1243 fati
999 1179 1069 1264 lege
1084 1181 1234 1246 Minister
1247 1182 1324 1246 obit.

655 1298 753 1363 Hunc
769 1299 869 1377 labor,
885 1298 1064 1384 ingenium,
1080 1299 1232 1386 probitas,
1248 1300 1429 1385 vigilantia,
1447 1301 1580 1364 charum

702 1418 819 1482 Fecere
834 1418 870 1481 in
884 1418 953 1483 vite
967 1417 1092 1483 civibus
1107 1442 1176 1484 esse
1190 1419 1269 1484 suis.

655 1537 735 1600 Post
750 1546 898 1614 mortem,
914 1536 1017 1623 pietas
1031 1537 1143 1602 docuit
1157 1538 1377 1603 transmittere
1392 1539 1502 1603 nubes.

601 1632 605 1641 '
699 1656 841 1721 sincere
857 1657 915 1720 110⁸
930 1658 1057 1721 fructus
1071 1657 1265 1742 nerigean
1280 1657 1384 1722 naeu

656 1780 778 1863 Sperge
792 1776 893 1860 igitur
907 1776 1014 1853 flores,
1031 1784 1063 1840 et
1077 1775 1156 1840 fletu
1172 1798 1266 1861 poree
1280 1775 1385 1839 viator
1399 1797 1405 1835 :

697 1895 762 1959 Cui
777 1895 868 1960 Deus
882 1896 941 1960 hos
955 1905 1047 1960 artus
1061 1894 1206 1973 abstulit,
1223 1904 1312 1959 estre
1325 1893 1423 1959 dedit.

1399 2014 1442 2076 G.
1457 2012 1691 2079 Duensssrus.

649 2245 734 2311 Duu
751 2247 835 2311 sires
850 2255 1001 2323 ostentet,
1018 2255 1051 2310 et
1065 2245 1100 2309 in
1116 2245 1281 2310 terrestria
1296 2254 1437 2323 vastum,

695 2365 867 2430 Terrorem
882 2365 954 2428 vult
968 2387 1055 2429 mors
1070 2365 1216 2450 ingerere
1231 2373 1302 2428 atra
1316 2364 1386 2428 sui:

653 2483 826 2549 Rolloeum
841 2481 966 2547 invadit
980 2483 1056 2547 vitae
1072 2482 1248 2567 mortisque
1263 2482 1455 2566 magistrum
1467 2507 1475 2557 3

696 2603 741 2667 Et
754 2603 808 2690 pia
821 2601 954 2687 lugubri
968 2601 1028 2665 sub
1042 2601 1122 2687 pede
1136 2600 1220 2665 eolla
1233 2600 1361 2687 premit.

652 2721 708 2787 Nil
725 2721 804 2808 egis,
820 2720 840 2785 ὃ
855 2720 1057 2786 truculenta:
1074 2719 1161 2806 paris
1174 2741 1234 2806 pro
1255 2718 1368 2783 funere
1383 2717 1504 2782 vitam:

695 2841 770 2908 Non
786 2841 923 2906 moritur
938 2862 1034 2926 quem
1049 2861 1136 2905 mors
1150 2839 1193 2903 ad
1207 2837 1341 2902 meliore
1355 2836 1448 2923 rapit.

1168 3077 1297 3141 Auen.

652 3197 811 3261 Dsnrcnn
826 3195 959 3260 humaui
973 3196 1109 3280 generis,
1127 3194 1292 3274 Rolloeus‚
1308 3195 1415 3281 imago

697 3315 842 3380 Maxima
857 3315 1027 3392 mansueti,
1044 3336 1141 3400 quem
1157 3314 1250 3379 docet
1264 3314 1342 3400 ipse,
1359 3314 1433 3378 Dei.

655 3437 762 3510 Quem
777 3435 908 3499 doctum
923 3434 1094 3511 mirantur,
1110 3442 1223 3498 emant
1237 3433 1422 3518 mitemque,
1438 3433 1624 3519 meumque

697 3554 785 3620 Cum
800 3553 920 3640 populo
934 3575 1091 3639 proceres,
1107 3552 1242 3638 Rexque
1260 3555 1437 3637 Patresque
1451 3552 1515 3638 pio,

655 3675 743 3737 Ante
758 3671 844 3736 diem
857 3671 962 3758 primo
977 3671 1064 3734 cedit
1078 3670 1272 3733 immaturus
1286 3668 1321 3733 in
1336 3690 1427 3743 oevo;

697 3791 886 3856 Frustretus
899 3789 1011 3875 patriae
1026 3797 1163 3872 votoque
1178 3808 1331 3873 spemque
1345 3808 1429 3864 sum

655 3912 741 3988 Heu,
758 3910 830 3996 quis
844 3932 911 3974 non
926 3907 1037 3974 timeat
1052 3915 1191 3973 mortem
1206 3903 1426 3993 tetricamque,
1443 3915 1631 3992 trucemque

697 4031 836 4096 Pereere
851 4029 879 4094 si
893 4029 1006 4108 doctis,
1023 4028 1050 4093 si
1065 4038 1164 4115 neget
1177 4026 1236 4092 ille
1249 4027 1351 4092 bonis.

652 4153 701 4219 At
715 4152 787 4240 quis
798 4174 886 4216 nune
901 4150 1013 4216 timeat
1027 4158 1175 4227 mortem,
1191 4147 1243 4214 vei
1258 4170 1345 4214 saeve
1359 4145 1560 4213 minentem?

699 4271 840 4340 Perdere
855 4271 883 4336 si
898 4269 1018 4349 doctos,
1035 4270 1062 4334 si
1077 4268 1190 4356 nequit
1204 4267 1262 4333 illa
1275 4268 1384 4333 bonos.
