4530 6076
798 802 840 867 D.
857 801 1068 868 ROBERTI
1084 801 1304 868 ROLLOCI.

987 1006 1118 1070 Arrun.

467 1119 538 1194 Qur
555 1122 693 1206 patriam
707 1122 792 1207 patri
806 1123 929 1188 offenso
943 1125 1119 1211 patriaeque
1133 1134 1303 1210 parentem

509 1239 673 1317 Reddidit,
689 1252 738 1306 cst
752 1242 864 1329 patrioe
880 1242 1024 1308 redditus
1039 1244 1107 1331 ipsc
1122 1265 1199 1308 suae.

1155 1362 1343 1427 Jouauurs
1358 1360 1586 1425 Anausouus.

464 1603 574 1679 Qum
590 1627 644 1691 spe
659 1604 824 1691 praecepit,
841 1605 925 1670 votis
939 1607 1084 1685 ambivit,
1101 1629 1210 1672 amore

508 1723 609 1802 Arsit,
625 1724 721 1788 habet
735 1725 873 1810 patriam
888 1725 942 1789 dia
955 1747 1097 1813 propago
1112 1749 1215 1792 suam.

461 1841 591 1908 Scilicet
606 1843 693 1909 exilii
707 1843 874 1910 illecebras
889 1845 946 1930 qui
960 1847 1083 1932 sprevit
1097 1855 1130 1910 et
1144 1846 1214 1910 odit

503 1962 647 2027 Tantum
661 1963 771 2028 hilaris
787 1965 905 2029 mentis
919 1965 1109 2030 dexteritate
1124 1986 1228 2041 uovae,

458 2080 480 2145 J
482 2103 539 2148 ure
554 2091 603 2145 tot
617 2092 756 2168 ereptus,
772 2092 851 2168 quot
865 2082 961 2148 habet
976 2083 1062 2147 mala
1076 2083 1153 2160 vita,
1170 2082 1338 2170 procellis:

500 2200 589 2264 Hinc
603 2199 680 2278 abit,
697 2212 730 2265 et
744 2201 848 2287 patria
862 2201 951 2266 sidus
966 2202 1001 2264 in
1015 2223 1089 2266 arce
1104 2202 1212 2266 mictu.

459 2319 490 2383 Ο
505 2319 619 2396 Dolor,
635 2318 655 2383 ὃ
669 2320 874 2398 desiderium,
891 2319 911 2384 ὂ
924 2320 1077 2406 lugubria
1092 2319 1177 2388 fata!

501 2438 670 2513 Quantum
684 2439 751 2523 agit
765 2439 800 2502 in
815 2439 949 2504 miseros
962 2439 1012 2504 ira
1027 2440 1196 2504 tremenda
1208 2440 1328 2518 Deum,

456 2557 576 2643 Pergnt
590 2569 623 2624 et
637 2558 672 2622 iu
686 2558 829 2644 praedam
844 2558 872 2623 si
886 2557 1013 2624 vindice
1027 2560 1162 2624 numine
1177 2559 1271 2625 tollat

499 2676 583 2743 Orbi
596 2676 716 2755 oculos,
732 2680 888 2765 populum
902 2689 1024 2763 quauta
1039 2679 1134 2743 ruina
1149 2678 1283 2745 manet?

455 2796 593 2884 Legatos
608 2808 760 2863 revocant
770 2797 841 2883 jam
855 2798 943 2884 quid,
960 2798 1024 2862 uisi
1038 2798 1160 2883 cogitat
1174 2820 1275 2875 arma,

497 2916 644 3002 Stringat
657 2916 690 2980 in
708 2916 839 2981 hostiles
854 2937 926 3001 quae
940 2916 1059 3001 gravis,
1070 2916 1119 2980 ira
1133 2915 1276 2980 manus?

452 3034 539 3098 Hinc
554 3033 645 3098 Deus
659 3043 794 3111 avertat,
810 3055 869 3120 par
884 3032 1019 3098 vulnera
1033 3056 1135 3111 sacra,
1152 3034 1320 3099 sinistrum

496 3150 613 3230 Omen,
630 3162 663 3216 ct
677 3152 711 3215 iu
726 3150 844 3238 populo
858 3162 971 3237 regnet
985 3163 1135 3239 ametque
1149 3175 1218 3218 suo.

450 3271 517 3335 Vos
531 3270 647 3356 quibus
661 3270 820 3336 incumbit
834 3270 917 3334 tanti
932 3281 1038 3335 metus
1052 3271 1128 3336 inde
1143 3271 1272 3349 furoris,

493 3389 691 3454 Exoraturas
707 3389 811 3455 tollite
826 3390 860 3454 iu
875 3399 963 3455 astra
977 3412 1104 3455 manus.

1143 3509 1259 3574 Dnvrn
1275 3510 1484 3603 Bracnarus.

447 3738 557 3814 Quam
573 3760 687 3803 rarum
703 3738 773 3802 haec
788 3737 933 3803 Libitina
947 3749 1045 3824 tegat,
1062 3737 1154 3824 queis
1168 3740 1298 3806 dotibus
1312 3752 1456 3818 auctum,

491 3857 719 3944 Gymnasium,
735 3856 857 3934 Patria,
874 3856 1021 3923 Ecclesia
1035 3879 1107 3922 sero
1121 3858 1238 3922 sciunt.

980 4093 1111 4157 Arrun.

444 4211 606 4276 Tuanrnn
619 4209 764 4274 sollicitae
779 4219 936 4296 pertesus
950 4219 1098 4295 tempora
1110 4211 1186 4274 vitae

444 4333 484 4396 ln
497 4329 646 4418 patriam,
662 4316 807 4406 Rolloce‚
825 4350 930 4405 maas3
954 4328 1010 4393 ubi
1024 4328 1132 4393 suavis
1147 4331 1256 4395 ovanti

445 4454 487 4515 Sc
500 4450 622 4536 praebet
637 4448 762 4514 Christi
776 4448 884 4527 facies,
900 4447 1093 4536 propiorque
1107 4449 1280 4514 micantem

443 4568 580 4634 irradiat
594 4568 730 4656 longum
744 4579 873 4657 sperato
886 4567 1020 4646 lumine,
1036 4590 1148 4636 manes

1005 4710 1017 4753 r
