4530 6076
994 799 1251 867 EPITAPHIA

542 1114 683 1179 Fiam
696 1128 867 1202 parentum
882 1116 911 1180 si
925 1118 1004 1181 orba
1018 1125 1156 1182 mortem
1170 1115 1323 1201 pignora:

542 1233 653 1298 Turba
666 1234 780 1299 ducem
795 1235 981 1322 ademptum
996 1236 1144 1300 castroni
1158 1233 1381 1321 sequentium:

542 1352 577 1417 Si
593 1353 661 1418 fata
674 1353 776 1419 frater
790 1354 900 1418 fratris
914 1355 1025 1419 amissi
1038 1365 1168 1440 gemat:

540 1471 562 1536 J
566 1473 628 1536 usti
643 1473 763 1538 doloris
778 1474 847 1538 haeo
862 1473 929 1539 dies
944 1484 1099 1560 quantam
1113 1473 1224 1538 attulit

542 1591 739 1679 Leorymosa
752 1591 908 1658 oausam?
923 1614 995 1678 quae
1010 1594 1118 1658 virum
1133 1602 1261 1657 tantum
1275 1590 1419 1666 abstulit,

543 1709 661 1774 Virum
670 1710 769 1796 jubar
783 1710 973 1788 Britannia,
990 1721 1024 1775 et
1037 1711 1150 1796 patriae
1165 1710 1283 1785 deous3

541 1828 606 1894 Cui
620 1828 712 1892 nulla
726 1828 874 1906 similem,
890 1851 950 1894 nee
965 1828 1143 1893 seeundum
1158 1838 1236 1892 aetas
1251 1825 1350 1890 dabit.

542 1947 738 2034 Laorymosa
752 1948 883 2026 Patriae,
901 1948 1066 2026 Eoolesiae,
1083 1947 1178 2025 Urbi,
1194 1943 1401 2011 Aeademiae:

544 2066 620 2142 Qua
633 2068 766 2132 sustulit
779 2068 924 2145 fratrem,
940 2076 1076 2153 patrem,
1092 2076 1125 2131 et
1139 2066 1229 2154 pium
1244 2065 1371 2141 ducem,

542 2186 706 2266 Ecclesia,
723 2187 798 2252 huie
813 2187 907 2265 Urbi,
924 2187 1056 2264 Patria,
1072 2197 1105 2251 et
1120 2185 1313 2251 Academiae.

544 2305 616 2369 Hoc
631 2328 708 2391 ergo
722 2305 842 2370 tumuli
855 2305 974 2370 fossilis
990 2306 1050 2370 sub
1064 2327 1181 2390 aggere

544 2423 698 2501 Ecclesia,
714 2423 836 2501 Patria,
853 2424 942 2489 Urbs
956 2424 1042 2501 fleat,
1058 2433 1091 2490 et
1106 2423 1291 2488 Academia.

1358 2540 1571 2604 Guarinuus
1583 2539 1752 2603 Cruorus.

551 2893 774 2957 Souarnnnus
789 2889 893 2956 nitido
908 2900 1013 2955 totum
1028 2889 1153 2976 fulgore
1168 2911 1225 2977 per
1240 2891 1360 2968 orbem,

589 3011 634 3076 Et
648 3022 725 3076 tuus
739 3010 895 3089 Edinum,
913 3010 1033 3089 Sentio,
1049 3010 1200 3096 splendor
1215 3022 1292 3075 erat.

546 3130 644 3194 Edini
657 3129 808 3217 splendor
823 3129 953 3216 Sophiae
968 3129 1022 3217 pia
1035 3130 1187 3215 dogmata
1200 3129 1306 3195 clara:

589 3249 744 3314 Rolloous
759 3249 879 3336 sophiae
894 3249 1045 3334 dogmata
1059 3249 1147 3315 clara
1160 3248 1257 3314 dedit

548 3368 656 3435 Scotia
670 3376 702 3434 et
716 3368 861 3433 Edinum
875 3368 1022 3455 precibus
1036 3378 1120 3455 pete,
1136 3368 1254 3445 clarus,
1269 3369 1420 3456 adempto

588 3487 724 3552 Rolloeo
738 3486 888 3572 splendor
903 3510 944 3552 ue
960 3494 1036 3552 tuus
1050 3487 1196 3552 intereat.

1060 3723 1192 3786 Aaron.

549 3841 618 3906 Hic
628 3840 716 3927 jacet
730 3840 903 3919 extinctus,
918 3840 1034 3926 genuit
1048 3842 1102 3908 oui
1117 3841 1228 3907 Scotia
1241 3864 1409 3929 nunquam

591 3960 751 4026 Doctrina
764 3970 861 4047 atque
875 3960 975 4026 animi
990 3961 1197 4049 simplicitate
1209 3984 1330 4049 parem.

549 4078 656 4166 Cujus
670 4082 711 4146 ab
725 4103 781 4146 ore
795 4103 886 4146 sauro
900 4080 1030 4168 Sophioe
1044 4094 1189 4149 seatuere
1203 4083 1353 4169 perennis

592 4199 762 4265 Flumina:
779 4200 920 4288 spirabat
934 4201 1064 4289 vitaque
1078 4224 1229 4290 morsque
1241 4202 1361 4268 Deum.

551 4319 633 4394 Quis
648 4309 805 4386 memoret
817 4321 988 4408 plusquam
1002 4322 1152 4388 mortalia
1165 4345 1302 4388 munera
1315 4325 1455 4389 mentis?

595 4436 669 4511 Quo
683 4438 763 4523 fingi
778 4438 857 4504 ooelo
871 4440 1040 4526 splendida
1052 4441 1139 4507 facta
1149 4440 1297 4527 queant?

552 4554 640 4619 Hine
653 4554 823 4641 reliquum,
840 4557 960 4642 effigies
974 4558 1092 4643 poterit
1106 4580 1179 4644 quae
1193 4558 1285 4623 nulla
1299 4559 1428 4634 referre,

595 4673 693 4740 Clara
707 4672 897 4740 Timantaeis
913 4675 1047 4762 pingere
1062 4675 1149 4741 faeta
1162 4676 1258 4740 notis.
