4530 6076
321 1084 330 1099 ’
474 1161 985 1267 ,ΝΑΒΒΑΤΙΟ
1025 1169 1264 1270 vrum
1306 1167 1419 1267 ur
1463 1165 1795 1268 ouluus

698 1436 1021 1513 SANCTISSIMI
1044 1439 1443 1525 DOCTISSIMIQUE
1467 1438 1578 1512 VIRI
1682 1423 1685 1428 ⁵

564 1668 626 1764 o.
665 1670 1025 1768 sonuum
1063 1632 1702 1789 R'0LL001,800T1‚

662 1930 900 2006 MINISTRI
926 1933 1215 2008 EVANGELII
1240 1932 1311 2006 ET
1336 1932 1592 2006 RECTORIS

750 2157 1035 2230 ACADEMIAE
1059 2156 1486 2231 EDINBURGENSIS.

459 2495 496 2593 J
497 2517 577 2590 AM
594 2518 680 2589 olim
697 2517 846 2588 inolevit
861 2539 939 2589 mos
956 2519 1119 2590 virorum
1139 2518 1335 2589 illustrium
1352 2527 1388 2589 et
1409 2518 1545 2590 virtute
1566 2519 1646 2591 eliis
1662 2521 1807 2612 praeoel·

456 2683 610 2755 lentium
627 2681 740 2753 vitam
756 2679 964 2776 obitumque
984 2682 1216 2767 describendi,
1237 2691 1273 2754 et
1289 2683 1336 2752 ad
1356 2682 1575 2775 posteritatis
1595 2685 1804 2755 memoriam

458 2846 698 2917 eonsecrandi,
750 2844 960 2917 Laudabilis
980 2846 1068 2918 sane
1084 2846 1312 2929 consuetudo,
1329 2853 1366 2916 et
1385 2867 1458 2938 qua
1474 2845 1538 2915 vix
1554 2847 1625 2914 olio
1640 2844 1810 2916 observo-'

457 3007 554 3078 tione
570 3008 721 3102 ugnus
751 2998 754 3004 ’
772 3005 981 3102 museum
992 3006 1177 3080 'maximus
1188 3005 1330 3098 publice
1342 2990 1429 3078 usus
1442 3007 1488 3076 au
1498 2990 1661 3079 homines
1674 3008 1720 3077 au
1733 3009 1806 3079 vu-

457 3158 585 3254 tutem,
601 3170 782 3262 pietatem,
797 3168 979 3262 bonosque
995 3190 1111 3240 mores
1128 3169 1343 3240 excitandos.
1394 3168 1533 3240 Mirum
1548 3178 1725 3261 quantum
1746 3191 1808 3241 ex·

458 3332 576 3424 empls
590 3331 751 3402 rudiores
767 3330 954 3402 moveant!
997 3330 1093 3402 Num
1109 3332 1205 3425 quod
1221 3332 1421 3425 praeoeptis,
1438 3333 1546 3403 etiam
1562 3353 1608 3403 ex
1624 3332 1702 3424 ipso
1719 3333 1805 3402 vivo

458 3481 640 3565 summum
655 3484 841 3566 literarum
854 3493 954 3566 fonte
965 3495 1118 3578 traditis,
1131 3502 1208 3566 totu
1220 3495 1297 3567 vitu
1308 3496 1442 3566 discere
1458 3484 1531 3565 non
1546 3482 1708 3586 possunt,
1721 3517 1804 3587 pro-

458 3657 585 3730 borum
598 3658 758 3732 virorum
769 3659 930 3750 exemplo
943 3668 979 3729 et
995 3658 1195 3730 lmimtione
1210 3658 1312 3730 focile
1329 3666 1585 3752 assequuntur:
1602 3659 1805 3750 praesertim

458 3820 581 3892 sinoti
596 3821 681 3904 sint,
693 3822 725 3892 si
742 3843 867 3893 eorum
882 3820 978 3892 facto
993 3830 1030 3891 et
1046 3843 1162 3893 mores
1179 3824 1290 3894 oculis
1306 3821 1552 3905 obversentur,
1566 3821 1598 3891 si
1610 3823 1729 3914 polam
1741 3821 1805 3891 fist

458 4001 581 4051 eorum
604 3988 681 4052 tota
701 3984 932 4055 conversatio.
983 3983 1066 4066 Quo
1081 3986 1197 4080 magis
1221 4005 1366 4056 moveor
1385 3991 1428 4054 ut
1446 3985 1517 4076 piae
1538 3972 1715 4054 memoriae
1732 3982 1806 4054 Ro-

459 4157 586 4212 urum
605 4141 793 4213 Rouuom
809 4143 921 4214 ritum
938 4165 1125 4236 moresque
1140 4133 1262 4237 paucis
1283 4131 1479 4215 describam
1496 4143 1612 4237 (cujus
1629 4165 1703 4214 non
1719 4143 1801 4215 doo-
1852 4251 1854 4255 Ι

458 4307 591 4376 trinum
606 4306 763 4390 tontum,
778 4307 841 4378 sed
852 4314 890 4378 et
904 4307 1175 4380 sanctimoniam
1187 4308 1343 4401 vimque
1354 4309 1599 4404 integritatem
1612 4309 1682 4402 ipsi
1694 4311 1804 4382 etiam

458 4468 520 4556 qui
537 4478 729 4560 supersunt
744 4477 782 4541 et
797 4460 872 4542 uno
892 4491 975 4542 cum
993 4492 1036 4543 eo
1052 4470 1221 4544 vixerunt
1242 4472 1404 4545 veritatis
1424 4474 1544 4546 hostes
1565 4471 1718 4546 inficiari
1735 4497 1810 4547 uon
