4530 6076
890 755 933 821 D.
948 752 1159 822 ROBERTI
1172 752 1391 822 ROLLOCI.

556 1066 669 1132 Sncnn
684 1067 793 1154 priore
807 1089 873 1132 une
886 1067 1039 1134 viderunt
1053 1068 1126 1134 luce
1140 1067 1309 1133 cadentem

600 1185 708 1251 Solem
724 1209 837 1265 unum,
853 1185 947 1252 binos
961 1188 1031 1253 hoec
1045 1187 1135 1253 videt
1149 1209 1216 1252 une
1229 1185 1308 1250 dies.

1287 1304 1309 1369 J
1311 1325 1343 1369 0.
1360 1302 1503 1369 Sensus.

553 1535 683 1601 Tn1s'rn
698 1535 803 1600 selum
818 1536 906 1600 haud
920 1535 1021 1600 miror
1035 1534 1063 1600 si
1078 1543 1127 1612 tn,
1142 1533 1287 1612 Bellone,
1303 1533 1468 1619 relinquas

597 1654 643 1719 Et
657 1653 823 1719 fortunato
838 1664 902 1720 stes
917 1677 1012 1742 super
1027 1664 1114 1720 estre
1128 1654 1209 1719 loeo.

555 1772 687 1838 Scilicet
700 1774 882 1839 humanum
895 1796 998 1859 genus
1012 1772 1078 1838 illis
1092 1773 1202 1838 vivere
1216 1794 1275 1860 par
1288 1785 1338 1838 est

597 1891 754 1970 Sedibns;
770 1893 821 1958 his
836 1916 971 1980 magnos
985 1893 1138 1959 convenit
1151 1914 1221 1958 esse
1234 1891 1333 1958 Deos.
1375 1973 1382 1990 Ι

551 2011 678 2078 Moesta
692 2022 801 2080 men
814 2013 920 2100 petrin
933 2023 993 2090 est,
1008 2022 1041 2076 et
1056 2022 1088 2077 te
1103 2011 1165 2076 sibi
1178 2010 1304 2097 plangit
1317 2009 1525 2096 ademptum

533 2210 537 2219 Ι
597 2131 642 2195 Et
656 2130 804 2218 princeps
819 2128 913 2218 eujus
928 2131 988 2195 snb
1003 2129 1124 2195 ditione
1139 2140 1260 2194 menet.

552 2249 679 2316 Moesta
692 2249 793 2335 gemit
807 2249 950 2336 conjunx
964 2257 1056 2315 tento
1070 2248 1203 2314 viduata
1216 2247 1351 2314 meritc:

597 2369 642 2434 Et
656 2369 794 2456 populus
809 2380 969 2436 moestum
983 2368 1138 2456 prendient
1151 2390 1206 2434 ore
1221 2367 1317 2434 diem.

554 2488 673 2575 Aspice
687 2488 796 2576 quim,
811 2487 937 2554 nutrite
950 2498 1008 2554 tuo
1022 2488 1082 2555 tibi
1095 2487 1179 2554 lecte
1189 2487 1348 2575 juventus

594 2607 722 2673 Moesta
736 2607 835 2687 sedet,
851 2607 984 2695 cupiens
999 2618 1032 2674 te
1045 2607 1203 2674 moriente
1217 2607 1311 2672 mori.

552 2725 597 2791 Et
611 2727 725 2814 petrin,
741 2737 774 2792 et
787 2726 941 2814 conjunx,
957 2727 1068 2815 pubes,
1084 2725 1290 2814 Respublica,
1306 2724 1474 2812 Princeps,

597 2845 719 2911 Omnia
732 2846 767 2911 in
781 2846 841 2912 hoe
857 2869 923 2912 uno
936 2857 1015 2912 sunt
1029 2846 1212 2912 miserande
1225 2845 1306 2908 viro.

1069 3080 1201 3148 Auun-

553 3201 610 3265 Sis
626 3199 729 3286 major
743 3199 820 3277 vite,
837 3197 983 3276 Bellone,
997 3220 1041 3266 nn
1055 3210 1160 3264 morte
1174 3198 1320 3285 requiro:

593 3318 680 3385 Cum
695 3327 825 3406 superet
838 3328 972 3384 cunctos
986 3318 1126 3405 viteque,
1143 3339 1292 3405 morsque
1307 3328 1374 3383 tue.

552 3437 710 3525 Sprevisti
723 3438 835 3517 vitem,
850 3437 958 3503 vicisti
972 3446 1130 3503 mortem:
1145 3437 1208 3504 erit
1222 3437 1308 3503 unde

593 3557 698 3624 Hoste
712 3557 912 3645 triumphato
926 3555 1038 3623 lnurcn
1051 3566 1138 3623 serta
1151 3557 1246 3622 feres.

550 3677 691 3744 Coelieus
705 3676 740 3743 in
755 3676 852 3744 terris
865 3677 985 3756 vixisti,
1001 3687 1149 3743 mortuus
1163 3676 1261 3753 idem,

595 3797 686 3862 Inter
699 3795 859 3862 coelieolns
873 3795 986 3863 eoelien
999 3819 1101 3883 regne
1114 3804 1215 3863 tenes.

550 3914 629 3980 Vna
641 3925 750 3981 nmen
765 3915 864 4003 quim
877 3937 965 3981 mors
979 3914 1103 4002 major:
1126 3912 1273 4000 Namque
1287 3912 1345 3978 illn
1358 3912 1450 3978 beetd

593 4035 680 4100 Acte
693 4034 782 4100 dedit
796 4032 920 4122 plncidd
934 4033 981 4099 sic
994 4033 1137 4121 potuisse
1151 4032 1244 4099 mori.

548 4155 663 4240 Regna
676 4153 738 4219 sibi
751 4152 859 4240 Reges
872 4152 1022 4232 habeant,
1037 4150 1228 4249 diedemate,
1244 4152 1365 4216 fascem

593 4272 684 4339 Dum
700 4283 809 4340 tecum
822 4271 919 4340 licent
932 4272 1054 4351 vivere,
1070 4270 1138 4337 sive
1152 4270 1245 4336 mori.

1241 4390 1460 4454 Nennenenn
1477 4389 1670 4454 annnnvs.
