4590 6024
471 779 519 853 36
935 772 1055 838 vmu
1076 771 1141 837 nu
1164 773 1341 839 omnus

470 1003 668 1076 Dominum
687 1014 725 1076 et
747 1004 972 1078 servatorem
994 1007 1119 1079 Jesum
1141 1006 1327 1078 Chmetum
1350 1007 1415 1100 qui
1439 1005 1671 1079 transformet
1690 1028 1817 1102 corpus

469 1171 633 1232 nostrum
649 1162 785 1232 humile
802 1171 844 1233 ut
860 1161 1040 1234 conforme
1056 1163 1119 1234 fiat
1135 1164 1274 1255 corpori
1294 1185 1360 1234 suo
1371 1163 1542 1258 glorioso
1594 1161 1818 1235 Protestatus

469 1331 524 1394 est
540 1323 746 1394 detestabile
762 1347 800 1394 se
812 1346 952 1417 semper
964 1326 1141 1396 censuisse
1152 1324 1343 1417 profanum
1355 1325 1445 1396 illud
1456 1324 1644 1397 hominum
1655 1348 1771 1420 genus
1783 1337 1837 1424 et·

468 1487 592 1558 atheos
617 1488 697 1559 illos
718 1488 781 1580 qui
811 1511 848 1560 se
874 1487 996 1581 potiris
1020 1489 1130 1581 qulam
1155 1488 1274 1560 Deum
1301 1497 1512 1580 spectarent,
1541 1488 1672 1583 quibus
1698 1493 1820 1562 omnia

467 1648 578 1745 hujus
595 1652 683 1722 vitae
698 1649 792 1723 bona
808 1652 953 1723 tandem
968 1653 1009 1722 in
1024 1652 1175 1723 exitium
1191 1652 1265 1722 sint
1281 1672 1432 1722 cessura
1483 1651 1672 1723 Postremo
1687 1674 1820 1724 sermo·

469 1832 553 1881 nem
569 1833 677 1882 suum
692 1813 865 1883 conclusit
882 1833 964 1883 cum
986 1812 1079 1882 seria
1098 1811 1344 1883 exhortatione
1363 1812 1410 1882 ad
1430 1812 1611 1903 pietatem,
1633 1814 1822 1886 sanctimo-

470 1973 569 2044 niam
586 1974 685 2057 vitae,
701 1974 1004 2066 perseverantiam
1021 1975 1060 2044 ln
1076 1996 1118 2044 ea
1134 1974 1284 2045 veritate
1298 1982 1334 2045 et
1345 1974 1527 2069 religionis
1541 1977 1698 2068 puritate
1709 1998 1818 2069 quam

469 2138 697 2230 accepissent,
712 2146 749 2209 et
765 2139 804 2209 in
820 2160 892 2231 qua
909 2139 1048 2210 educati
1065 2146 1192 2210 essent.

522 2301 611 2373 Post
623 2303 788 2373 emissam
800 2302 954 2394 primam
966 2302 1059 2373 hauc
1071 2304 1217 2373 classem
1230 2310 1412 2376 contracto
1424 2325 1505 2375 cum
1517 2305 1656 2377 Helena
1664 2304 1823 2377 Barcnia

469 2465 661 2535 lectissima
672 2463 818 2534 foemina
834 2464 1022 2547 connubio,
1035 2466 1206 2537 valedixit
1218 2466 1464 2559 philosophice,
1476 2475 1514 2538 et
1525 2477 1644 2540 totum
1656 2492 1694 2539 se
1706 2490 1822 2540 sacra·

471 2651 553 2699 rum
569 2629 756 2700 literarum
768 2629 888 2699 studio
906 2623 966 2715 (ad
982 2629 1078 2720 quod
1094 2627 1140 2699 ab
1154 2629 1301 2701 ineunte
1317 2638 1424 2701 aetate
1439 2652 1579 2722 semper
1589 2630 1747 2701 animam
1758 2651 1820 2721 ap·

470 2794 625 2886 pulerat)
642 2793 813 2863 tradidit:
838 2801 875 2864 et
891 2791 1039 2864 suffecto
1056 2791 1225 2884 Philippo
1243 2792 1405 2885 Hislopo,
1418 2794 1637 2865 adolescente
1653 2791 1764 2882 probo
1782 2802 1819 2862 et

470 2962 621 3044 erudito,
637 2961 700 3052 qui
722 2961 966 3032 succedentem
988 2962 1136 3032 classem
1158 2960 1362 3052 susciperet,
1378 2957 1583 3031 Academiae
1604 2957 1818 3050 praefectura

471 3131 658 3193 contentus
673 3121 755 3206 fuit,
770 3123 810 3193 in
826 3144 899 3215 qua
914 3123 1006 3193 nihil
1022 3123 1143 3195 omisit
1159 3145 1283 3194 eorum
1299 3145 1383 3216 quse
1399 3094 1451 3218 ad·¹
1461 3122 1575 3215 ipsius
1592 3121 1817 3194 commodum

470 3298 679 3382 spectarent
729 3288 819 3370 Quis
835 3286 985 3360 hicnon
1000 3287 1198 3381 impensam
1219 3289 1332 3382 ipsius
1353 3290 1568 3361 industriam
1588 3288 1817 3361 admiretur?

472 3450 772 3523 eonsuevitenim
779 3448 984 3543 frequenter
994 3452 1153 3545 singulas
1163 3452 1290 3521 classes
1301 3451 1409 3534 adire,
1415 3451 1587 3544 cujusque
1597 3452 1821 3523 sedulitatem

471 3622 508 3683 et
515 3634 743 3706 progressum
754 3613 794 3683 in
805 3613 934 3684 studiis
946 3614 1130 3704 explorare
1141 3632 1152 3695 ;
1170 3612 1201 3682 si
1213 3633 1293 3704 qua
1302 3610 1555 3693 contentiones,
1565 3611 1596 3681 si
1608 3632 1691 3702 quae
1702 3609 1818 3682 turboe

471 3775 1259 3872 incidissentegregiaceleritateacprudentia
1267 3774 1677 3866 componere,universos
1686 3776 1819 3868 adper-

471 3947 639 4018 standum
650 3945 690 4016 in
701 3942 814 4017 officio
826 3945 973 4039 erigere,
985 3943 1144 4035 quotidie
1156 3941 1322 4013 omnibus
1335 3941 1374 4012 in
1386 3942 1606 4014 auditorium
1617 3943 1819 4015 convocatis

470 4131 588 4201 preces
604 4111 680 4202 ipse
695 4108 880 4179 celebrare.
905 4105 1130 4199 Unaquaque
1141 4104 1363 4188 hebdomada
1371 4104 1480 4176 unius
1492 4104 1563 4175 diei
1579 4105 1753 4176 delectum
1766 4103 1818 4174 fe-

467 4272 526 4354 cit,
539 4294 612 4364 quo
624 4272 805 4364 discipulis
821 4270 896 4340 suis
913 4266 1078 4341 omnibus
1094 4268 1134 4339 in
1152 4289 1266 4340 unum
1283 4267 1493 4340 coeuntibus
1509 4275 1649 4339 textum
1661 4266 1816 4356 aliquem

466 4432 660 4526 Scn‘pturae
676 4433 931 4523 interpretans
947 4442 1012 4514 est,
1029 4433 1126 4503 unde
1142 4432 1412 4514 admonitiones,
1428 4431 1658 4512 hortationes,
1671 4431 1818 4502 commi-
