4590 6024
487 773 536 839 38
922 767 1039 831 VITA
1061 769 1126 831 ΕΤ
1150 768 1327 833 OBITUS

481 1009 523 1070 ut
537 997 743 1068 Academiae
759 997 946 1088 disciplina
964 999 1098 1088 purior,
1120 1000 1278 1070 exactior
1297 1007 1334 1068 et
1356 999 1470 1093 magis
1496 1001 1637 1094 integra
1655 1023 1819 1093 perman·

478 1173 563 1232 eret.

527 1322 734 1417 Postquam,
751 1326 880 1396 emissa
900 1326 1022 1408 classe,
1044 1333 1081 1395 et
1101 1323 1263 1416 sepositis
1285 1325 1413 1395 studiis
1435 1325 1699 1417 philosophicis,
1720 1349 1759 1398 se
1780 1330 1826 1399 ad

478 1484 712 1582 Theologiam
736 1488 955 1570 contulisset,
979 1488 1049 1559 dici
1075 1488 1138 1558 vix
1161 1495 1279 1580 potest
1303 1496 1440 1580 quanta
1464 1489 1662 1572 sedulitate,
1688 1499 1824 1581 quanta

477 1650 675 1744 vigilantia,
692 1652 836 1743 quantis
852 1649 1034 1722 laboribus
1050 1659 1196 1722 conatus
1213 1653 1261 1722 sit
1277 1673 1337 1722 eos
1351 1653 1448 1743 ipsos
1461 1654 1708 1736 adolescentes,
1719 1662 1823 1745 quot·

474 1822 564 1904 quot
579 1813 624 1882 ad
642 1834 763 1883 rerum
781 1814 985 1884 divinarum
1002 1814 1123 1885 studia
1146 1815 1283 1884 animos
1307 1817 1553 1907 applicassent,
1570 1818 1610 1888 in
1626 1815 1823 1910 'l'heologia

477 1973 677 2058 instituere,
707 1976 888 2048 interdum
918 1978 1061 2068 quidem
1088 1978 1252 2068 analysin
1276 1979 1428 2072 logicam
1454 1980 1494 2050 in
1523 1977 1704 2070 Epistolas
1727 1978 1821 2049 Pau·

476 2137 567 2208 linas
584 2148 649 2209 aut
664 2139 753 2210 alios
771 2138 889 2211 Sacrae
901 2139 1098 2231 Scripturas
1113 2139 1223 2211 libros
1237 2141 1416 2224 dictitans,
1428 2142 1607 2212 interdum
1620 2143 1715 2213 locos
1727 2163 1821 2212 com·

472 2321 598 2373 munes
616 2310 786 2384 tractans,
805 2304 985 2374 interdum
1002 2313 1230 2374 controversa
1246 2326 1327 2374 cum
1344 2305 1535 2396 pontificiis
1551 2305 1748 2400 Religionis
1765 2329 1821 2377 ca·

472 2463 552 2554 pita
567 2465 798 2535 examinans:
816 2467 854 2536 in
872 2465 1001 2556 quibus
1017 2468 1145 2537 studiis
1162 2470 1214 2538 ita
1226 2469 1368 2540 assidue
1380 2478 1543 2539 versans
1558 2478 1613 2539 est
1629 2478 1671 2540 ut
1683 2471 1819 2540 nullam

473 2626 542 2697 diei
560 2627 687 2697 horam
700 2649 849 2699 vacuam
866 2629 1050 2722 praeterire
1066 2631 1297 2722 permitteret.
1329 2630 1434 2701 Hanc
1450 2640 1525 2701 tam
1541 2631 1720 2701 assiduam
1736 2655 1819 2722 ope·

471 2812 549 2863 ram
565 2793 751 2864 condiebat
772 2794 903 2865 crebris
925 2794 1198 2877 hortationibus,
1221 2793 1352 2887 quibus
1372 2796 1607 2865 adolescentes
1626 2795 1672 2865 ad
1688 2799 1817 2867 sancti·

471 2959 627 3029 moniam
640 2966 676 3028 et
693 2958 898 3030 fidelitatem
916 2959 955 3029 in
971 2979 1119 3030 munere
1132 2960 1301 3050 pastorali
1318 2953 1377 3046 (ad
1393 2958 1489 3050 quod
1505 2979 1565 3028 eos
1577 2960 1815 3053 praeparabat)

471 3119 653 3191 incitabat.
684 3119 896 3193 Postulabat
913 3122 1088 3214 imprimis
1105 3144 1150 3192 ne
1163 3124 1290 3193 crudos
1301 3144 1340 3193 se
1351 3144 1393 3192 ac
1404 3123 1614 3194 immaturos
1627 3124 1674 3194 ad
1683 3145 1815 3195 munus

469 3287 557 3357 illud
575 3287 834 3379 protruderent.
888 3284 1013 3356 Zelum
1029 3287 1173 3377 quidem
1190 3286 1284 3357 serib
1299 3288 1345 3358 iis
1361 3287 1630 3359 commendabat
1647 3289 1708 3357 sed
1730 3311 1815 3380 pru-

469 3450 590 3523 dentia
606 3449 811 3521 conditumz
837 3450 876 3520 in
893 3450 992 3520 nulla
1012 3469 1051 3518 re
1072 3449 1187 3542 magis
1209 3449 1317 3540 quam
1337 3451 1376 3520 in
1392 3452 1469 3520 aelo
1490 3452 1612 3533 errari,
1628 3460 1735 3542 quem
1752 3452 1814 3520 alii

467 3611 645 3702 praecipiti
668 3633 732 3683 suo
754 3612 893 3695 affectu,
916 3612 977 3681 alii
1001 3620 1043 3681 ut
1064 3621 1142 3682 tum
1165 3609 1326 3680 ferebant
1342 3621 1511 3700 tempore,
1533 3612 1733 3680 inconsulto
1753 3629 1813 3680 ve-

466 3796 564 3847 sanae
581 3773 693 3867 plebis
701 3776 848 3869 judicio,
864 3775 1099 3845 metirentur:
1115 3772 1307 3843 fovendum
1321 3773 1465 3864 quidem
1476 3773 1515 3842 in
1526 3770 1686 3844 Ecclesia
1693 3774 1811 3844 uelum

466 3940 689 4033 genuinum:
706 3961 781 4011 esse
798 3961 879 4010 eum
897 3940 1017 4034 ignem
1031 3939 1168 4008 coelitus
1181 3936 1460 4019 descendentem,
1473 3956 1579 4028 quem
1593 3938 1641 4008 uli
1652 3937 1692 4009 in
1704 3939 1810 4010 domo
1865 3963 1872 3976 ’

465 4100 533 4175 Dei
564 4128 681 4199 operae
706 4106 860 4199 pretium
888 4105 958 4176 sit:
985 4102 1243 4194 explodendum
1269 4110 1390 4172 tamen
1414 4103 1532 4174 selum
1556 4104 1807 4183 adulterinum,

467 4270 562 4357 quod
579 4270 674 4363 ignis
691 4271 738 4340 sit
754 4270 972 4363 peregrinus.
1023 4264 1165 4338 Obnixe
1183 4275 1304 4338 autem
1320 4267 1482 4358 serioque
1503 4265 1674 4338 suadebat
1690 4286 1735 4334 ne
1751 4285 1806 4334 res

467 4446 550 4501 suas
567 4432 725 4522 privatas
742 4438 920 4520 praetextu
936 4431 1118 4524 religionis
1131 4439 1344 4521 quaererent,
1354 4450 1469 4520 neque
1482 4429 1614 4498 famam
1626 4428 1806 4499 sincerita-
