4590 6024
927 753 971 818 D.
988 752 1199 822 ROBERTI
1214 756 1430 826 ROLLOCI.
1754 770 1795 826 79

694 974 781 1039 Natu
794 972 947 1060 grandior
961 971 1095 1052 inridet,
1111 997 1171 1039 nec
1186 974 1272 1039 ullus

693 1096 846 1182 Unquam
861 1118 978 1160 sanus:
1001 1105 1035 1161 at
1048 1096 1231 1162 invidemus
1245 1121 1366 1176 omnes,

693 1216 886 1302 (Tantillum
901 1228 958 1282 aut
972 1216 1143 1282 minimum
1158 1219 1301 1286 invidere
1316 1219 1344 1283 si
1357 1220 1432 1298 fas)

695 1338 893 1426 Quanquam
908 1360 973 1402 non
988 1339 1091 1422 magis
1104 1338 1286 1404 invidemus
1300 1362 1421 1417 omnes,

692 1461 801 1537 Quam
815 1461 963 1547 lugemus
978 1458 1056 1524 item
1070 1470 1103 1524 et
1119 1460 1263 1525 dolemus
1277 1484 1389 1527 omnes

693 1583 794 1648 Istam
810 1604 1048 1669 praeproperam
1062 1581 1138 1647 binc
1152 1582 1336 1649 abitionem.

690 1708 723 1771 A
736 1705 828 1771 nobis
839 1705 952 1792 procul
967 1706 1043 1770 bino
1056 1706 1240 1785 abitionem,

689 1829 823 1915 Absque
836 1839 869 1894 et
883 1851 938 1915 spe
953 1828 1076 1894 reditus
1088 1829 1281 1895 abitionem:

690 1950 775 2017 Nam
789 1949 864 2017 autb
879 1962 916 2016 ut
930 1952 1080 2017 venimus
1088 1975 1218 2039 aequum
1232 1949 1321 2019 abire
1336 1965 1369 2019 et
1383 1966 1470 2020 ante.

912 2194 968 2260 Da
984 2195 1141 2261 Ronnocr
1159 2196 1329 2263 Scnrrrrs.

690 2320 774 2384 Dux
788 2317 1001 2398 Rollooe,viae
1014 2329 1112 2384 tenax
1131 2330 1278 2406 reperta,

689 2444 773 2518 Quae
787 2443 850 2507 lert
864 2441 1021 2508 sideream
1035 2440 1197 2529 potensin
1211 2441 1319 2507 aulam
1331 2467 1343 2517 ,·

689 2564 1042 2651 Fidorumqueducum
1052 2588 1159 2631 comes
1174 2564 1279 2630 fidelis

688 2688 802 2753 Ursini
816 2699 848 2753 et
862 2688 884 2758 J
886 2688 965 2768 unii,
981 2688 1229 2775 Tremelliique;

686 2810 817 2877 calvini
830 2834 966 2898 quoquc,
982 2810 1090 2887 Bezae,
1107 2810 1277 2875 Olevieui:

687 2933 789 3008 Quoia
803 2933 938 3017 vestigia
951 2933 1081 3018 praeviis
1095 2941 1225 2995 secutus

687 3053 814 3140 Signati
828 3054 950 3139 ingenii
962 3054 1048 3118 notis
1062 3053 1211 3140 stylique,

685 3175 772 3241 Tuto
786 3176 867 3241 calle
880 3199 968 3240 secas
983 3177 1069 3241 viam
1083 3185 1246 3262 teneoque,

685 3298 821 3365 Certum
836 3309 943 3364 cert-us
954 3298 1015 3362 iter
1032 3310 1184 3384 sequente
1199 3297 1326 3385 planta3

683 3420 728 3485 Et
741 3420 852 3508 pluma
866 3420 990 3486 volueri
1003 3420 1070 3508 poli
1083 3422 1144 3487 sub
1158 3443 1263 3497 auras,

684 3543 771 3609 Mire
786 3543 917 3608 sedulus
931 3554 964 3609 et
977 3543 1166 3623 laboriosus,

684 3667 813 3756 Scripta
823 3668 931 3756 exples
945 3691 1078 3756 operosa
1088 3691 1098 3746 3
1112 3692 1174 3734 ceu
1188 3666 1317 3733 melissa

682 3791 782 3857 Collis
796 3801 928 3857 nectara
941 3794 1039 3880 stipat
1053 3803 1086 3859 et
1101 3791 1247 3858 recondit

682 3914 810 3978 Hausta
823 3913 841 3978 ὂ
855 3915 988 3978 floribus
1002 3915 1148 3998 aerisque
1163 3935 1245 3988 rore,

679 4036 830 4103 Delibata
842 4036 909 4123 poli
921 4034 1035 4122 deique
1049 4035 1143 4099 dona.

1239 4153 1411 4221 Annaeus
1426 4155 1625 4222 Matrinus.

1036 4408 1174 4483 Quaen.

630 4537 752 4615 Purus,
764 4533 930 4613 Procerus,
941 4532 1108 4621 Princeps,
1124 4553 1221 4619 quem
1235 4553 1363 4598 mesum
1376 4532 1499 4600 lumino
1513 4533 1625 4620 lugent

673 4659 744 4726 Gur
756 4659 825 4726 fata
839 4657 930 4747 (beu)
945 4650 1021 4724 vivo
1034 4676 1093 4724 uos
1107 4666 1238 4724 vetuere
1252 4654 1343 4724 frui?
