4590 6024
468 751 508 808 76
1002 746 1260 818 EPITAPHIA

672 969 731 1032 llle
746 967 813 1032 suis
826 965 910 1032 vetis
925 965 961 1030 in
975 966 1054 1045 vitu,
1070 976 1103 1031 et
1117 977 1221 1031 morte
1235 965 1368 1053 potitur.

494 1091 563 1146 Psal.
580 1102 626 1160 27,
637 1090 867 1155 suavidicum
880 1089 915 1154 in
931 1088 1026 1154 terris
1040 1099 1164 1167 votum,
1180 1088 1326 1166 Rollocs,
1342 1087 1462 1176 petisti,

671 1213 829 1279 Davidico
840 1213 875 1277 in
890 1214 985 1278 terris
999 1224 1075 1278 voto
1090 1236 1134 1291 es,
1151 1213 1286 1278 Rolloee
1301 1214 1434 1300 potitus.
1558 1269 1560 1273 ,

673 1336 767 1401 Nune
782 1335 900 1401 frueris
914 1336 983 1401 voti
997 1335 1118 1413 fructu,
1134 1334 1278 1412 Bellero,
1295 1335 1409 1401 valete.

1285 1456 1391 1524 Josu.
1407 1458 1661 1526 Douetsssrus.

673 1826 754 1891 Heu
770 1824 858 1891 esdis
873 1824 908 1888 in
923 1846 1050 1888 summo
1064 1822 1276 1887 tumulandus
1290 1821 1414 1888 lumine
1427 1825 1503 1891 vitae

716 1949 761 2014 Et
775 1949 883 2025 decus,
898 1956 932 2011 et
946 1946 1058 2032 patrioe
1073 1944 1177 2031 gloria
1190 1968 1264 2011 rara
1277 1954 1361 2009 tuae:

672 2071 814 2137 Flendus
827 2069 906 2149 abu,
923 2068 1066 2146 Rolloee,
1083 2067 1159 2146 tuis,
1174 2066 1411 2155 lachrymisque
1426 2079 1556 2134 tuorum

715 2193 887 2261 Materiem
901 2192 1035 2279 praebes,
1051 2191 1247 2278 Uruniaeque
1262 2201 1338 2256 tuae.

673 2318 720 2382 Te
734 2318 897 2404 pietasque
911 2315 1051 2400 fidesque
1064 2325 1210 2400 gemunt,
1227 2313 1369 2391 Rolloee,
1385 2314 1567 2400 sepultum

716 2438 846 2502 Astraea
859 2436 900 2500 sd
915 2436 1078 2500 tumulum
1093 2446 1158 2501 stat
1171 2434 1374 2522 gemebunde
1387 2445 1491 2500 tuum.

674 2558 749 2625 Non
762 2567 872 2623 tamen
887 2557 1021 2635 Uranie,
1037 2557 1189 2644 pietsqu
1205 2557 1335 2637 fidesve,
1352 2559 1450 2635 tuive,

718 2682 841 2748 Tamus
856 2682 985 2746 Astroea
998 2680 1066 2745 solo
1081 2680 1167 2765 quod
1181 2681 1305 2767 rapiare
1319 2680 1439 2758 dolent,

677 2805 786 2882 Quum
799 2804 942 2891 gaudent
955 2826 1067 2868 omnes
1079 2803 1161 2868 liber
1176 2802 1260 2889 quid
1275 2804 1415 2891 pondere
1429 2815 1524 2871 terroe

719 2927 856 2993 AEterns
870 2927 946 2993 felix
963 2948 1041 3012 prce
1055 2925 1164 2991 fruare
1178 2926 1261 3012 polo.

1064 3175 1189 3239 Arrun.

678 3296 710 3362 0
726 3316 768 3360 ru
784 3293 932 3373 foelieem,
948 3317 1044 3381 quem
1057 3318 1124 3361 non
1139 3295 1289 3361 mortalia
1302 3306 1429 3362 tantum

721 3418 840 3497 Corda,
857 3418 912 3484 sed
926 3419 1107 3484 extinctum
1122 3419 1266 3484 Numina
1280 3442 1406 3485 summu
1420 3419 1548 3486 dolent:

680 3541 978 3630 Verumpraeeipue
992 3541 1144 3618 Phoebus,
1160 3541 1325 3627 doctaeque
1340 3562 1474 3620 sorores,

724 3663 808 3738 Quae
822 3665 953 3727 meritas
966 3673 1083 3727 curant
1096 3662 1220 3727 funeris
1235 3663 1393 3748 exequias.

680 3785 753 3850 Hoc
769 3785 910 3850 solamen
924 3784 1032 3861 habes,
1048 3782 1124 3848 veri
1138 3792 1210 3870 post
1224 3783 1292 3848 fata
1305 3785 1427 3862 beatus,

722 3909 828 3975 Pares
839 3909 893 3973 cui
907 3918 1014 3973 totum
1023 3908 1132 3972 vivere
1146 3931 1212 3973 non
1226 3908 1344 3995 rapuit.

678 4032 995 4111 Rolloee,'oeternum
1009 4032 1109 4110 vives,
1124 4031 1255 4097 meliore
1269 4041 1430 4118 superstes

724 4151 822 4216 Parte
837 4151 897 4229 tui,
912 4160 945 4216 et
959 4148 1066 4215 Musis
1079 4150 1216 4235 cognitis
1231 4140 1332 4236 usque
1346 4149 1421 4214 tuis.

681 4273 822 4361 Spiritus
836 4273 891 4339 ille
906 4283 982 4338 tuus
996 4273 1069 4338 eoeli
1082 4272 1233 4358 gaudebit
1247 4273 1378 4351 honore,

724 4394 933 4483 virtutesque
948 4407 1020 4461 tuas
1035 4396 1122 4459 fama
1134 4394 1285 4481 loquetur
1298 4416 1401 4460 amus.

1304 4517 1459 4582 Jscosus
1475 4513 1668 4593 Coruinus.
