4590 6024
800 808 1012 874 ROBERTI
1037 808 1254 874 ROLLOCI.
1650 816 1696 881 23

360 1043 405 1112 ad
422 1052 458 1112 te
474 1050 580 1133 caput
596 1064 702 1112 suum
719 1044 923 1112 transvolet.
963 1043 1111 1137 Regerit
1127 1065 1232 1125 unus,
1245 1041 1316 1111 huc
1332 1061 1444 1132 usque
1457 1049 1632 1112 cortuum
1645 1043 1700 1111 in-

360 1217 501 1300 tegrum
517 1209 683 1298 possedit,
695 1209 875 1301 integrum
893 1208 1000 1278 etiam
1017 1216 1183 1279 assumet.
1226 1206 1291 1276 Ille
1305 1228 1400 1288 vero,
1416 1206 1555 1296 partiri,
1568 1205 1696 1295 inquit,

359 1394 419 1442 cor
435 1373 531 1443 istud
547 1375 698 1463 postulo,
716 1382 758 1443 ut
775 1374 850 1443 vita
871 1372 949 1443 haec
965 1374 1138 1443 naturalis
1158 1381 1316 1453 eruatur,
1336 1381 1372 1441 et
1397 1371 1532 1440 Christi
1553 1371 1630 1440 vita
1645 1371 1699 1439 in·

357 1537 538 1608 fundatur.
590 1538 687 1608 Tum
703 1560 748 1608 ex
764 1538 962 1608 astantibus
980 1561 1085 1618 unus,
1102 1561 1146 1607 ne
1169 1545 1204 1607 te
1221 1537 1382 1607 anxietas
1400 1536 1551 1617 acerbet,
1568 1536 1696 1604 accele-

357 1714 424 1786 rat,
442 1704 618 1774 Dominus
635 1717 729 1775 tuus.
782 1704 947 1787 Gratum,
964 1706 1093 1797 inquit,
1118 1703 1206 1774 mihi
1223 1704 1319 1772 istud
1337 1703 1534 1772 nuncium:
1559 1703 1697 1771 utinam

358 1869 415 1938 die
431 1872 585 1941 crastino
601 1872 767 1962 exequias
784 1893 881 1940 meas
898 1871 1083 1940 duceretis.
1135 1869 1229 1939 Dein
1246 1870 1346 1950 alter,
1366 1867 1480 1937 Beata
1491 1868 1699 1936 animatam

359 2033 648 2142 Domino-vicina
664 2060 772 2129 quam
789 2047 862 2108 tua.
914 2036 979 2104 Ille
1000 2057 1095 2116 vero,
1112 2036 1150 2103 in
1173 2055 1230 2101 me
1252 2032 1343 2101 nihil
1356 2033 1526 2122 estquod
1542 2053 1614 2100 non
1631 2031 1697 2099 du·

357 2222 433 2270 mm
451 2222 516 2289 pro
533 2201 755 2282 stercoribus,
772 2210 815 2271 ut
831 2200 1016 2270 Christum
1032 2197 1260 2278 lucrifaciam,
1274 2196 1439 2265 Christus
1455 2197 1561 2264 unica
1579 2195 1696 2264 solatii

357 2367 517 2447 materia,
534 2366 649 2435 omnis
661 2366 807 2459 justitia
822 2388 900 2436 mea
915 2387 1055 2456 pannus
1072 2365 1290 2455 inquinatus.
1338 2362 1583 2456 Interrogatus
1604 2383 1697 2432 nun·

356 2531 442 2621 quid
455 2531 613 2602 Pastoris
624 2533 732 2602 ullius
743 2532 937 2623 alloquium
950 2530 1138 2625 flagitaret,
1154 2529 1347 2621 respondit,
1359 2550 1432 2598 non
1444 2535 1646 2597 creaturum
1659 2549 1696 2598 se

355 2696 400 2767 iis
417 2698 626 2779 molestiam,
642 2699 738 2789 quod
755 2698 800 2767 ad
816 2697 1096 2768 concionandum
1112 2717 1150 2765 se
1163 2695 1395 2788 accingerent
1430 2692 1554 2774 Sinite,
1564 2693 1693 2783 inquit,

355 2886 412 2932 me
428 2865 570 2955 psittaci
586 2866 700 2934 instar
722 2886 802 2935 cum
826 2863 981 2934 Domino
1002 2885 1081 2932 meo
1105 2859 1290 2929 balbutire.
1342 2857 1481 2926 Certior
1502 2855 1617 2926 factus
1639 2857 1694 2925 in·

352 3029 514 3099 choatam
531 3028 744 3110 concionem,
762 3026 930 3109 Damihi‚
943 3027 1071 3117 inquit,
1089 3023 1241 3094 Domine
1258 3045 1300 3092 ea
1316 3021 1446 3104 videre,
1460 3044 1542 3112 quae
1552 3022 1590 3092 in
1602 3044 1693 3113 prae·

353 3195 468 3263 sentia
485 3194 636 3263 audiunt
654 3194 725 3262 alii.

404 3357 575 3429 Sabbathi
591 3358 738 3427 meridie
755 3354 897 3427 siceum
911 3357 1042 3427 affatur
1058 3359 1215 3449 quidam,
1228 3380 1292 3449 per
1308 3378 1448 3426 omnem
1467 3355 1580 3426 vitam
1591 3365 1691 3426 tuam

288 3561 293 3570 -
355 3524 530 3595 indefessa
541 3545 659 3615 opera,
676 3522 876 3613 sedulisque
893 3523 1071 3594 laboribus
1089 3523 1159 3594 Dei
1176 3524 1324 3618 gloriam
1343 3522 1562 3613 promovisti.
1615 3520 1690 3604 Ille,

351 3690 441 3760 mihi
457 3691 562 3760 unica
577 3690 753 3784 gloriandi
769 3711 869 3784 seges
887 3691 1129 3761 misericordia
1145 3691 1184 3760 in
1201 3690 1346 3760 Christo
1362 3687 1387 3756 J
1388 3711 1461 3771 esu,
1478 3690 1548 3759 aha
1569 3692 1689 3762 omnia

350 3854 481 3923 damna
493 3856 593 3924 duco.
635 3854 730 3926 Dein
739 3877 845 3947 sopor
855 3858 1000 3947 quidam
1010 3857 1113 3926 molis
1124 3880 1208 3927 eum
1218 3858 1367 3940 invadit,
1379 3858 1442 3948 qui
1455 3858 1494 3927 in
1505 3878 1688 3949 vesperam

352 4028 513 4112 occupat:
525 4043 597 4111 quo
610 4022 778 4103 dhouso,
789 4022 969 4114 ingressus
982 4023 1027 4091 ad
1040 4043 1122 4091 eum
1135 4022 1269 4091 ordinis
1283 4020 1458 4090 Senatorii
1469 4020 1618 4102 Praeses,
1629 4024 1685 4091 cui
1707 4105 1715 4121 .

352 4185 554 4279 Edinburgi
571 4207 613 4255 eo
629 4207 723 4256 anno
740 4185 960 4255 Praefectura
978 4188 1181 4267 obvenerat,
1197 4206 1279 4254 eum
1292 4185 1342 4254 sic
1356 4185 1558 4276 alloquitur.
1592 4183 1685 4256 Aca-

350 4353 502 4423 demiam
512 4350 731 4441 amplexibus
742 4349 1033 4443 Magistratnum,
1043 4348 1172 4440 quibus
1182 4357 1224 4420 tu
1234 4348 1386 4419 Domine
1397 4371 1521 4440 proeea,
1528 4351 1622 4423 scrib
1631 4355 1686 4428 in·.

351 4517 503 4599 sinuavi,
513 4526 555 4589 tu
565 4518 825 4589 etiameandem
835 4515 1022 4606 patrocinii
1032 4515 1087 4586 tui
1096 4516 1233 4610 gremio
1243 4517 1683 4614 amplecterezexperiatur.
