4590 6024
473 742 519 806 18
967 733 1085 797 VITA
1106 731 1171 795 ΕΤ
1194 729 1323 794 Moas

473 975 676 1054 temporum
701 960 851 1031 felicitas
876 960 977 1031 vobis
1001 959 1141 1053 obtigit,
1174 959 1374 1050 Principem
1401 960 1496 1030 nacti
1522 960 1618 1043 estis,
1643 962 1706 1052 qui
1730 982 1811 1031 cum

472 1128 561 1194 lacte
578 1124 801 1217 Religionem
817 1123 948 1205 hausit,
965 1144 1047 1213 quae
1070 1123 1146 1215 ejus
1172 1120 1363 1190 visceribus
1387 1122 1568 1192 recondita
1589 1143 1671 1193 cum
1683 1145 1729 1192 eo
1745 1124 1814 1193 oal-

472 1287 577 1367 cavit,
595 1285 817 1378 Religionem
833 1286 1019 1375 disciplina
1028 1285 1318 1365 circumvallavit,
1331 1284 1632 1355 circumvallatam
1644 1307 1709 1356 suo
1721 1307 1814 1376 prae·

472 1448 561 1517 sidio
579 1447 680 1530 texit,
696 1445 935 1538 Ecclesiaeque
951 1446 1186 1539 patrocinium
1203 1446 1362 1516 sicinae
1384 1447 1548 1538 suscepit,
1565 1456 1607 1517 ut
1626 1469 1734 1538 quam
1751 1448 1814 1518 diu

471 1611 646 1678 eum'vita
661 1631 733 1679 non
750 1611 898 1692 deserat,
915 1611 1004 1679 illud
1020 1631 1092 1679 non
1115 1610 1338 1679 deserturum
1355 1631 1392 1679 se
1416 1610 1635 1680 documentis
1652 1611 1814 1680 innume·

471 1773 520 1841 ris
538 1772 655 1861 palam
672 1770 803 1842 fecerit.
855 1771 960 1853 Quod
976 1772 1096 1863 itaque
1112 1764 1241 1840 blande
1265 1773 1460 1861 mulcendo
1474 1773 1507 1841 ei
1530 1773 1653 1842 elicere
1676 1773 1813 1852 valetis,

471 1956 515 2003 ne
540 1934 737 2024 torquendo
762 1941 971 2024 extorquere
995 1932 1131 2003 frustra
1154 1934 1366 2004 adnitimini.
1418 1933 1519 2004 Serio
1547 1937 1743 2005 cavendum
1768 1956 1813 2003 ne

354 2158 357 2165 .
473 2120 517 2166 ex
533 2098 600 2167 hoc
616 2095 794 2166 felicitatis
815 2094 959 2189 fastigio
975 2117 1117 2186 pessum
1134 2097 1250 2166 sedet
1270 2094 1439 2166 Ecclesia.
1490 2096 1664 2178 Quiverat
1680 2096 1814 2168 Paulus

470 2260 681 2330 Onesimum
697 2258 893 2352 fugitivum
910 2258 1005 2348 apud
1023 2280 1060 2326 se
1077 2258 1240 2339 retinere,
1257 2259 1377 2328 renuit
1395 2266 1515 2327 tamen
1531 2279 1577 2327 ne
1594 2257 1813 2328 Philemonis

470 2419 677 2489 beneficium
694 2441 739 2488 ex
755 2419 961 2488 necessitate
979 2439 1053 2488 esse
1068 2419 1257 2488 videretur.
1300 2416 1393 2512 Ejus
1406 2419 1566 2512 vestigiis
1578 2419 1813 2491 insistendum

416 2542 419 2547 Ι
470 2581 570 2651 vobis
587 2582 626 2649 in
642 2581 734 2649 tanti
751 2580 915 2670 ponderis
928 2580 1072 2672 negotio
1089 2579 1213 2649 sentio.
1255 2577 1353 2648 Deus
1369 2587 1473 2670 pater
1487 2578 1512 2647 J
1512 2601 1576 2649 esu
1588 2579 1735 2665 Christi,
1748 2604 1812 2653 vos

469 2743 566 2813 omni
589 2741 829 2811 benedictione
851 2742 1028 2832 spirituali
1050 2744 1250 2832 locupletet,
1266 2741 1421 2833 fortique
1447 2741 1572 2814 robore
1594 2744 1744 2825 muniat,
1767 2746 1812 2816 ad

468 2906 705 2977 ministerium
721 2905 819 2975 istud
835 2913 977 2975 strenue
994 2903 1206 2974 obeundum.
1316 2966 1318 2970 .

515 3069 791 3161 Vesperasccnte
813 3071 935 3139 eodem
959 3070 1027 3151 die,
1053 3091 1242 3161 properare
1267 3092 1363 3140 mors
1388 3069 1585 3152 videbatur,
1615 3094 1723 3162 quam
1744 3072 1811 3143 'ille

469 3234 648 3315 odoratus,
670 3254 866 3301 sermonem
890 3233 1027 3322 occipit,
1049 3254 1121 3301 non
1145 3233 1303 3303 humano
1327 3234 1469 3305 cerebro
1485 3234 1669 3319 excusum,
1686 3256 1811 3306 verum

468 3352 605 3466 coelitus
623 3417 645 3464 a
661 3393 729 3464 Dei
746 3394 875 3485 spiritu
891 3395 1095 3475 stillantem,
1111 3395 1174 3484 qui
1191 3396 1326 3465 cunctis
1343 3396 1541 3466 astantibus
1561 3407 1741 3488 stuporem
1758 3399 1813 3468 in-

465 3559 609 3649 jecerat.
660 3555 823 3626 Aderant
840 3555 971 3626 Medici
995 3556 1058 3646 qui
1080 3556 1344 3626 medicamentis
1367 3557 1441 3626 suis
1465 3558 1539 3626 vim
1563 3557 1679 3627 morbi
1701 3561 1811 3630 lenire

469 3714 578 3808 (quod
596 3716 700 3809 vigor
717 3717 889 3785 naturalis
906 3717 1080 3808 deficeret)
1097 3716 1303 3785 renuenmt.
1352 3716 1413 3785 Ad
1435 3714 1554 3785 Deum
1570 3717 1691 3809 itaque
1707 3714 1810 3790 terso

466 3899 650 3952 sermone:
676 3879 747 3960 Tu,
764 3880 892 3971 inquit,
909 3877 1007 3949 Deus
1023 3878 1217 3949 medeberis
1234 3879 1347 3949 mihi:
1370 3879 1452 3949 dein
1468 3903 1587 3972 preces
1603 3883 1680 3953 zelo
1695 3883 1812 3954 inten-

467 4045 606 4115 sissimo
623 4040 754 4123 fundit,
771 4062 875 4111 orans
893 4042 1008 4132 primo
1025 4041 1131 4110 vellet
1147 4038 1245 4110 Deus
1261 4040 1329 4110 sibi
1346 4040 1490 4133 suisque
1501 4045 1652 4134 peccatis
1665 4052 1810 4133 propter

465 4208 609 4276 unicum
635 4204 770 4306 Christi
795 4203 1004 4274 sacrificium
1028 4204 1204 4294 propitius
1229 4225 1315 4286 esse,
1333 4207 1529 4295 praedicans
1555 4204 1674 4274 omnia
1698 4226 1810 4294 quan-

465 4368 599 4436 tumvis
617 4367 662 4435 ad
679 4368 830 4457 speciem
847 4368 1013 4459 speciosa,
1029 4375 1174 4459 propter
1196 4369 1308 4438 nuda
1332 4367 1466 4438 Christi
1487 4366 1725 4447 eminentiam,
1742 4387 1808 4456 pro
