4530 6076
859 768 1071 834 nonnam
1096 767 1314 833 nonnosi
1719 771 1768 844 47

416 1022 540 1074 verum
558 1022 718 1072 meorum
735 1001 910 1073 factorum
931 1002 1063 1072 candor
1080 1002 1188 1072 etiam
1204 1022 1262 1070 me
1279 999 1435 1070 extincto
1452 1000 1627 1068 clarescet
1653 995 1768 1069 Caete-

417 1165 501 1236 rum
519 1187 582 1236 vos
598 1167 761 1237 unanimi
783 1187 956 1236 consensu
973 1167 1018 1235 ad
1036 1187 1125 1257 opus
1141 1164 1289 1235 Domini
1306 1163 1498 1234 coalescite.
1540 1161 1638 1244 Quid
1654 1165 1768 1257 magis

415 1332 652 1424 incongmum
665 1349 773 1420 quam
786 1330 882 1420 pacis
899 1350 1076 1420 precones
1093 1328 1210 1423 litigio
1226 1349 1268 1398 ac
1283 1327 1458 1397 discordia
1470 1325 1684 1397 dilacerari?
1702 1327 1769 1397 hac

413 1501 633 1584 tempestate,
644 1515 716 1584 qua
728 1493 767 1564 in
779 1494 917 1563 insidiis
929 1493 1049 1564 hostes
1062 1501 1157 1575 sunt,
1174 1514 1247 1563 non
1259 1491 1415 1562 dissidiis
1426 1491 1641 1581 dissipandae
1659 1492 1763 1572 vires,

412 1677 538 1727 verum
550 1678 635 1749 pace
648 1656 893 1728 combinandae
910 1664 995 1727 sunt
1010 1675 1019 1727 τ
1039 1655 1232 1748 petendum
1245 1654 1405 1725 hostium
1421 1655 1527 1736 latus,
1544 1675 1617 1723 non
1640 1662 1768 1725 mutua

406 1822 546 1915 jugula
583 1820 742 1911 Principi
759 1828 879 1891 vestro
898 1820 1058 1891 debitum
1075 1819 1284 1911 obsequium
1301 1826 1493 1910 praestate:
1517 1815 1616 1888 Rara
1632 1827 1768 1910 tempo·

412 2006 494 2056 rum
510 1984 660 2056 felicitas
677 1984 778 2055 vohis
796 1984 949 2079 obtigit:
972 1984 1168 2075 principem
1185 1983 1281 2053 nacti
1305 1984 1390 2052 estis
1410 1983 1473 2073 qui
1495 2003 1577 2052 cum
1602 1983 1693 2052 lacte
1712 2005 1767 2052 re·

411 2152 579 2245 ligionem
597 2151 729 2232 hausit,
754 2170 837 2241 qnae
860 2149 937 2242 ejus
954 2147 1148 2219 visceribus
1165 2148 1346 2218 recondita
1362 2168 1444 2218 cum
1461 2169 1503 2218 eo
1519 2149 1661 2230 coaluit,
1686 2150 1767 2219 reli-

408 2313 550 2406 gionem
564 2311 751 2402 disciplina
762 2311 1056 2393 circumvallavit,
1077 2312 1380 2381 circumvallatam
1397 2331 1463 2381 suo
1479 2311 1647 2402 praesidio
1663 2312 1764 2393 texit,

409 2475 649 2567 Ecclesiaeqhe
661 2475 900 2566 patrocinium
913 2475 964 2545 sic
976 2476 1015 2545 in
1028 2496 1066 2545 se
1079 2475 1243 2565 suscepit,
1260 2484 1303 2545 ut
1315 2475 1488 2566 quamdiu
1504 2496 1586 2546 eum
1601 2476 1676 2546 vita
1692 2498 1765 2547 non

410 2640 540 2711 deserit
556 2641 646 2710 illud
658 2660 730 2709 non
747 2640 972 2710 deserturum
989 2660 1027 2709 se
1043 2639 1240 2709 innumeris
1258 2638 1478 2710 documentis
1495 2640 1615 2730 pdam
1631 2638 1763 2711 facerit.

408 2803 515 2885 Quod
539 2804 660 2895 itaque
684 2802 817 2874 blande
840 2803 1027 2874 mulcendo
1049 2803 1082 2872 si
1105 2804 1229 2873 elicere
1254 2803 1413 2892 potestis,
1437 2824 1483 2872 ne
1507 2803 1623 2873 invito
1648 2812 1765 2874 extor-

408 2987 517 3057 quere
533 2965 669 3036 frustra
684 2965 899 3036 adnitimini.
950 2965 1052 3036 Serio
1073 2966 1270 3036 cavendum
1292 2987 1338 3035 ne
1355 2987 1400 3035 ex
1416 2964 1483 3036 hoc
1498 2964 1677 3037 felicitatls
1693 2966 1764 3038 fas·

407 3129 497 3222 tigio
512 3149 656 3220 pessum
673 3149 711 3198 se
727 3130 788 3199 det
804 3127 973 3199 Ecclesia
1017 3128 1165 3200 Poterat
1182 3128 1317 3199 Paulus
1335 3127 1547 3200 Onesimum
1563 3129 1760 3225 mgicivum

407 3292 503 3383 apud
515 3311 553 3361 se
564 3292 728 3372 retinere,
744 3291 861 3361 noluit
877 3298 997 3361 tamen
1008 3290 1142 3384 absque
1155 3292 1374 3364 Philemonis
1387 3295 1573 3376 sententia,
1590 3316 1635 3364 ne
1648 3295 1760 3386 ipsius

405 3453 614 3525 beneficium
630 3474 676 3523 ex
691 3455 898 3525 necessitate
914 3476 990 3525 esse
1002 3456 1195 3527 videretur.
1232 3457 1338 3527 Pauli
1349 3458 1510 3552 vestigiis
1527 3459 1641 3529 sentio
1658 3459 1761 3529 insis-

406 3618 554 3688 tendum
571 3616 673 3689 vohis
689 3617 838 3688 intanti
856 3617 1023 3709 ponderis
1036 3619 1191 3714 negotio.
1216 3619 1316 3690 Deus
1332 3628 1435 3712 pater
1445 3619 1535 3692 Jesu
1545 3620 1681 3693 Christi
1694 3641 1759 3693 vos

408 3783 506 3854 omni
522 3781 765 3855 benedictione
779 3783 958 3874 spirituali
975 3785 1175 3876 locupletet,
1196 3793 1232 3855 et
1253 3784 1387 3856 invicto
1403 3784 1529 3858 robore
1550 3789 1692 3859 muniat
1714 3789 1760 3856 ad

406 3943 645 4014 ministerium
658 3947 747 4017 illud
763 3948 910 4019 strenue
922 3947 1155 4019 obeundum?
1180 3948 1456 4040 vesperascente
1469 3952 1591 4021 eodem
1603 3952 1661 4021 die
1676 3968 1758 4042 pro-

405 4127 529 4199 perare
554 4129 651 4179 mors
677 4109 865 4180 videbatur
884 4133 991 4202 quarn
1018 4112 1078 4181 ille
1103 4111 1270 4182 olfaciens
1296 4134 1493 4183 sermonem
1518 4114 1659 4206 occipit,
1684 4135 1763 4194 non

405 4278 563 4352 humano
585 4280 727 4351 cerebro
750 4243 916 4363 effictum,
940 4283 1002 4351 sed
1019 4279 1158 4353 caelitus
1178 4304 1201 4351 a
1217 4282 1286 4354 Dei
1304 4282 1442 4374 Spiritu
1465 4285 1669 4369 stillantem,
1693 4287 1756 4378 qui

407 4445 543 4516 cunctis
556 4445 756 4516 astantibus
767 4446 1039 4517 admirationem
1049 4446 1210 4518 incussit
1236 4446 1402 4519 Aderant
1415 4447 1560 4533 Medici,
1572 4450 1635 4543 qui
1647 4450 1758 4521 medi·
