4590 6024
753 812 796 877 D.
820 812 1030 880 ROBERTI
1052 813 1270 881 ROLLOCI.

943 1016 1074 1081 Arrun.

430 1129 579 1205 Qumis
593 1129 698 1196 viator
713 1133 859 1198 tumulus
875 1134 935 1200 iata
951 1156 1047 1220 quem
1062 1133 1175 1220 tegat?

429 1249 532 1315 Nemo
547 1250 666 1316 referre
680 1262 786 1339 posset
801 1254 861 1319 hoe
876 1253 969 1341 plani
984 1256 1053 1320 tibi.

428 1369 552 1435 Audire
567 1371 666 1436 verbo
680 1371 708 1435 si
722 1383 830 1437 tamen
845 1396 959 1437 verum
975 1372 1092 1460 cupis?

428 1487 554 1574 Operta
568 1489 672 1554 virtue
688 1490 792 1555 omnis
807 1492 867 1556 hoe
882 1492 975 1578 cippo
985 1491 1083 1578 jacet.

1035 1610 1222 1675 Hrnrucus
1238 1609 1514 1676 Currraarsrus.

429 1907 468 1970 Iri
486 1907 642 1974 Rorrocr
660 1930 903 1976 PRAECEPTOMS
919 1930 1233 1977 onsrrvrrrmssrur
1251 1929 1402 1986 oarrurr,
1419 1929 1601 1974 mortim

556 2064 689 2110 Marius
705 2067 901 2112 lxcortm'rr
916 2067 1132 2131 ramumqun
1149 2065 1380 2111 ERUMPENTIA
1394 2054 1509 2102 ΠΑΘΗ·

425 2195 483 2259 An
499 2195 507 2260 !
530 2196 609 2282 quid
622 2197 702 2284 agis,
719 2198 765 2262 mi
779 2199 896 2276 anime,
912 2221 955 2263 an
970 2197 1110 2264 moerea?
1132 2221 1204 2263 mea
1217 2196 1343 2262 lumina
1356 2194 1471 2260 flotin?

468 2312 564 2379 Cur?
579 2315 658 2380 obiit
671 2314 824 2381 Rolloeua
839 2340 948 2394 meua;
964 2315 1065 2382 immi)
1079 2316 1168 2382 abiit.

424 2433 472 2497 At
486 2431 550 2518 qui>
563 2433 666 2498 abiit?
680 2432 745 2521 qui>
759 2459 811 2501 me
826 2438 920 2502 toties
934 2437 1093 2524 raptavit:
1118 2437 1174 2501 An
1188 2457 1266 2521 argo

470 2552 619 2618 Gratarie
633 2565 672 2619 tu
685 2553 744 2632 illi,
760 2576 802 2619 an
816 2556 874 2621 flas
889 2565 947 2620 tua
960 2557 1087 2634 damna,
1100 2553 1219 2620 modii?
1306 2637 1310 2642 ¹

428 2671 503 2736 Heu
519 2672 574 2737 ubi
587 2671 704 2738 amor?
724 2673 827 2739 fateor
840 2675 1031 2754 laetandum,
1046 2686 1081 2739 at
1095 2684 1181 2740 torta
1195 2673 1296 2739 trahit
1310 2696 1362 2738 me

469 2790 544 2854 Huc
560 2802 677 2856 natura
685 2815 694 2869 ;
711 2793 817 2858 trahat
831 2817 883 2858 me
897 2817 1072 2880 usquequa,
1089 2805 1122 2858 et
1136 2815 1236 2879 usque
1250 2812 1387 2878 gemam.

426 2909 600 2996 Suspirabo
615 2911 731 2976 animae
747 2882 928 2977 extremum
942 2913 983 2976 ad
998 2912 1184 2998 suspirium,
1200 2909 1286 2975 idem
1301 2919 1333 2974 te

467 3028 557 3093 Dum
572 3029 662 3108 mihi,
678 3030 730 3095 vel
744 3031 803 3095 tibi
818 3032 870 3095 ma‘
885 3032 971 3116 quod
985 3030 1103 3117 rapuit,
1119 3028 1245 3095 referat.

424 3148 512 3234 Ergo
526 3149 611 3227 adea,
628 3149 723 3228 adaia,
740 3150 882 3235 inquam,
898 3151 963 3214 hue
978 3148 1088 3236 ocyris,
1104 3149 1209 3236 arripe
1224 3147 1318 3213 filum

466 3267 609 3354 Atr0p03
625 3267 702 3353 quid
717 3290 825 3333 moror
839 3267 953 3334 uitri?
976 3270 1023 3334 Ut
1038 3270 1145 3333 trahat
1158 3269 1213 3333 ille
1228 3266 1350 3333 viden?

426 3387 474 3451 Te
488 3387 535 3451 mi
549 3408 649 3465 amor,
666 3397 699 3452 at
714 3409 787 3451 mea
800 3387 867 3466 lux,
884 3411 1010 3474 sequor,
1027 3411 1188 3475 assequor.
1233 3386 1356 3453 Aecine
1371 3385 1481 3452 laudea

467 3506 535 3581 Qui
549 3516 648 3593 potes,
665 3517 698 3571 at
712 3528 839 3571 moeror
854 3508 907 3571 cui
922 3508 1110 3595 superabilis
1126 3518 1184 3573 eat.

423 3624 506 3690 Nam
520 3647 573 3690 me
587 3624 723 3690 delirare
737 3626 837 3704 vides,
853 3636 950 3713 atque
964 3627 1079 3703 obrui3
1094 3636 1128 3691 et
1140 3626 1193 3691 hic
1208 3647 1241 3690 ee

464 3744 532 3810 Nee
545 3744 625 3810 fletu
640 3745 759 3825 ornari,
775 3768 835 3811 nee
850 3769 910 3810 sua
922 3746 1048 3824 funera,
1063 3745 1145 3811 vult.

420 3863 510 3938 Quin
524 3863 647 3929 fruetri
661 3887 794 3942 eumua3
810 3887 887 3950 ergo
902 3865 971 3944 sile,
987 3888 1064 3930 nam
1079 3865 1151 3951 quia
1165 3862 1244 3930 satia
1258 3863 1353 3929 illum

462 3982 583 4068 AEquet
597 3983 741 4063 dicendo,
758 3994 791 4048 et
805 3984 957 4048 Christus
971 3983 1006 4047 id
1019 3985 1108 4070 ipsus
1123 3991 1198 4068 aget

420 4100 509 4165 Luce
523 4123 582 4164 sua
595 4101 735 4165 illustri:
757 4101 883 4166 intere&
897 4111 1106 4166 monumenta
1117 4110 1165 4164 tot
1179 4109 1311 4164 auctum

463 4219 598 4306 Semper
612 4219 707 4285 laude
721 4242 815 4298 nova,
832 4231 865 4285 et
877 4221 1050 4306 posthumo
1064 4221 1195 4297 honora,
1212 4219 1345 4283 dabunt.

421 4338 614 4426 Raptautem
630 4338 686 4403 sed
700 4338 792 4402 humi
805 4339 868 4403 iata
881 4339 1006 4415 decant,
1018 4337 1118 4426 pandi
1133 4336 1273 4402 inscium
1288 4346 1326 4401 ut
1342 4343 1448 4413 utres:

464 4458 526 4537 Tu,
543 4458 595 4524 hic
610 4459 708 4524 etiam
724 4479 824 4543 usque
840 4458 938 4522 choro
952 4458 1120 4524 eoeiituum
1133 4457 1300 4524 intereras.

693 4560 842 4635 Eiidem
859 4561 999 4660 accepti
1014 4561 1137 4636 nuncii
1152 4561 1351 4636 tristissimi
1367 4571 1467 4636 nocte
1483 4561 1629 4660 raptim,

772 4687 810 4751 et
826 4676 976 4756 velutin
986 4679 1176 4778 procinctu
1194 4678 1274 4752 aine
1289 4686 1371 4752 arte
1380 4676 1552 4777 prpfura.

1154 4835 1158 4844 ’
1276 4807 1466 4874 Ronrarus
1482 4806 1627 4873 Bovius.
