4590 6024
488 825 538 892 54
952 816 1074 883 VITA
1095 819 1161 885 ET
1185 817 1365 885 OBITUS

489 1060 708 1154 “Experior,
718 1063 849 1154 inquit,
856 1065 947 1134 sexti
956 1064 1085 1155 psalmi
1093 1063 1299 1147 veritatem3
1312 1065 1482 1156 oculique
1489 1065 1567 1159 eJ‘us
1574 1063 1684 1136 verba
1690 1064 1836 1136 recitat:

489 1228 652 1300 Gratiam
676 1227 733 1298 iac
755 1228 857 1311 mihi,
881 1227 1032 1312 Jehova,
1058 1232 1144 1322 quia
1166 1233 1337 1324 languore
1366 1252 1509 1321 pressus
1530 1249 1631 1300 sum:
1656 1252 1743 1303 cura
1768 1252 1837 1313 me,

482 1391 508 1463 J
508 1393 634 1476 ehova,
650 1393 736 1484 quia
748 1393 960 1464 contrubata
970 1404 1056 1466 sunt
1065 1416 1146 1465 ossa
1158 1395 1268 1475 mea,’'
1282 1400 1348 1463 etc
1374 1391 1567 1487 Interjecta
1578 1395 1716 1466 modica
1724 1417 1837 1488 pausa

481 1580 681 1630 sermonem
693 1561 800 1631 iterat
812 1578 821 1629 t
841 1560 1036 1632 “Christus
1047 1561 1207 1652 portabit
1214 1562 1348 1655 jugum
1361 1581 1493 1642 meum,
1505 1569 1542 1631 et
1554 1583 1621 1656 ego
1629 1564 1708 1657 eJus
1717 1566 1835 1658 gratia

480 1722 594 1794 firltus
607 1725 766 1814 sequar.’'
794 1725 888 1795 Cum
900 1725 1016 1796 morbi
1029 1725 1220 1796 acerbitate
1236 1725 1397 1816 torqueri
1414 1746 1497 1795 eum
1510 1726 1835 1800 animadverterent

480 1894 648 1970 astantes,
665 1890 853 1980 lacrymas,
869 1891 1033 1980 planctus
1054 1910 1097 1960 ac
1119 1890 1300 1983 singultus
1317 1888 1436 1972 cient3
1463 1910 1553 1980 quos
1570 1890 1630 1960 ille
1646 1892 1806 1983 increpat
1820 1912 1831 1973 ς

335 2122 341 2131 ,
482 2057 504 2090 “
517 2048 575 2121 Ne
598 2073 716 2122 meam
732 2052 858 2133 vicem,
883 2051 1013 2142 inquit,
1035 2042 1097 2121 sed¹
1119 2060 1262 2142 peccata
1278 2059 1399 2122 vestra
1414 2049 1561 2123 deflete:
1590 2051 1675 2123 cum
1691 2075 1835 2127 nemea

477 2223 620 2307 peccato
636 2215 808 2285 immunis
825 2215 961 2285 nemini
973 2214 1079 2285 fietus
1096 2216 1249 2286 materia
1263 2214 1449 2286 subtracta
1464 2223 1528 2286 est.
1579 2215 1687 2297 Quod
1702 2219 1749 2287 ad
1763 2238 1832 2301 me,

476 2360 543 2472 ego
554 2379 716 2449 omnium
727 2379 1026 2469 complementum
1039 2399 1081 2448 ac
1092 2379 1436 2449 consummationem
1449 2400 1535 2449 mox
1547 2378 1706 2451 videbo.”
1744 2380 1833 2452 Ves-

476 2543 563 2635 pere
584 2563 630 2612 ex
653 2542 814 2636 cognatis
836 2563 931 2611 unus
957 2543 1111 2612 adeum
1135 2543 1318 2636 ingressus
1342 2563 1506 2613 sermone
1529 2542 1642 2633 impio
1666 2543 1775 2615 bilem
1797 2547 1830 2616 ei

475 2706 613 2788 movit3
631 2704 677 2775 ab
693 2727 736 2776 eo
747 2703 888 2798 flagitet
897 2706 1004 2775 vellet
1021 2705 1059 2774 in
1076 2706 1181 2776 caelos
1193 2712 1357 2796 receptus
1373 2704 1523 2774 mediati
1537 2726 1604 2796 pro
1617 2726 1655 2774 se
1667 2706 1830 2796 reliquis·

474 2889 544 2960 que
560 2869 707 2939 amicis:
735 2866 816 2939 Hoc
841 2869 965 2939 andito
987 2868 1042 2938 ira
1057 2866 1200 2939 fervens
1223 2866 1371 2958 repente
1393 2887 1521 2959 corpus
1545 2867 1765 2939 imbecillum
1786 2891 1828 2943 ac
1918 2841 1920 2845 Ι

472 3032 549 3106 fere
560 3035 723 3105 exanime
735 3033 863 3127 erigit:
886 3038 908 3072 “
917 3030 1010 3127 Ego.
1023 3033 1154 3124 inquit,
1171 3053 1304 3103 munus
1318 3031 1409 3102 illud
1420 3030 1551 3115 abnuo,
1568 3031 1735 3104 Christus
1746 3035 1828 3105 uni·

473 3219 536 3269 cus
551 3198 760 3269 Mediator.'’
784 3197 869 3268 Non
887 3195 1004 3268 multo
1020 3205 1102 3287 post
1114 3197 1239 3267 invisit
1253 3217 1336 3267 eum
1351 3194 1464 3268 frater
1475 3203 1565 3268 natu
1577 3198 1704 3293 maj0r,
1722 3204 1744 3238 ‘⁶
1754 3196 1825 3280 Tu,

472 3363 602 3455 inquit,
619 3370 812 3457 cognatum
828 3369 993 3434 nostrmn
1007 3361 1163 3451 increpa,
1180 3381 1285 3430 mone
1301 3360 1414 3430 alium
1429 3368 1589 3452 capessat
1606 3361 1693 3432 vitae
1715 3370 1828 3433 uam-

471 3532 583 3610 item3
601 3527 736 3619 alioqui
752 3528 852 3597 nulla
868 3527 900 3596 ei
913 3527 1021 3607 sulus,
1035 3523 1273 3595 certissimum
1286 3523 1467 3594 exitium.'’
1508 3521 1570 3593 Ab
1585 3523 1654 3595 hoc
1664 3534 1825 3615 tempore

471 3692 631 3764 oblatum
656 3690 867 3760 elimentum
893 3689 1055 3780 respuit;
1082 3693 1104 3727 ‘⁶
1115 3686 1211 3769 Non,
1227 3687 1358 3778 inquit,
1375 3686 1478 3756 edam
1495 3693 1561 3756 aut
1574 3685 1694 3756 bibam
1711 3707 1825 3780 usquc

470 3857 557 3927 dum
573 3854 614 3925 in
630 3873 782 3948 regnum
799 3848 969 3922 coelorum
985 3849 1210 3921 transferar.’-’
1256 3848 1409 3920 Funeris
1426 3869 1548 3919 curam
1566 3845 1745 3921 Gulielmo
1760 3848 1824 3923 Li·

470 4021 548 4091 tillo
565 4028 601 4090 et
620 4018 799 4109 Gulielmo
817 4016 922 4088 Sooto
938 3986 1062 4087 amicis
1080 4014 1322 4110 integerrimis
1341 4013 1512 4104 (qnorum
1533 4014 1729 4086 amicitiam
1748 4038 1821 4089 non

470 4184 695 4255 vacillantem
715 4182 894 4276 frequenti
917 4182 1031 4275 elogio
1055 4180 1212 4273 ornavit)
1233 4178 1466 4250 commendat.
1524 4183 1546 4217 ‘⁴
1562 4176 1638 4249 Cur
1662 4200 1746 4262 non,
1767 4180 1822 4249 in·-

468 4349 560 4442 quit,
576 4349 666 4418 mihi
684 4357 776 4418 esset
792 4347 901 4440 hujus
919 4347 1076 4439 corporis
1093 4344 1206 4417 curs?
1235 4345 1326 4415 illud
1342 4344 1518 4435 siquidem
1536 4342 1818 4438 glorificandum,

467 4523 505 4585 et
522 4509 816 4584 conformandum
832 4509 978 4579 tandem
994 4508 1149 4602 glorioso
1166 4506 1302 4576 Christi
1320 4504 1456 4597 corpori
1473 4505 1502 4573 θ’
1526 4512 1563 4574 et
1579 4524 1707 4574 manus
1723 4506 1820 4577 intu-
