4530 6076
614 763 661 837 46
961 818 969 831 ,
1087 758 1206 824 VITA
1227 758 1292 823 ΕΤ
1315 757 1491 823 OBITUS

606 1003 718 1067 tatem
734 1014 837 1064 suam
853 991 980 1063 defleat
996 990 1201 1063 Academia
1245 989 1332 1074 Vos,
1347 1011 1424 1073 vos,
1440 991 1601 1082 inquam,
1616 1012 1689 1061 non
1705 1011 1876 1074 noverca,
1891 995 1953 1063 sed
1978 981 1981 984 ⁴

604 1159 752 1253 genuini
768 1157 926 1248 parentis
939 1158 1033 1227 vices
1050 1155 1158 1238 obite,
1174 1177 1252 1225 eam
1269 1162 1389 1226 vestro
1405 1154 1489 1225 sinu
1505 1155 1601 1238 alite,
1614 1154 1742 1226 fovete.
1768 1156 1951 1228 Pastorele

604 1344 735 1393 munus
752 1343 826 1392 non
842 1322 894 1392 ita
905 1322 1043 1412 pridem
1055 1320 1145 1390 mihi
1158 1319 1333 1404 incubuit,
1349 1321 1446 1412 quod
1458 1319 1688 1411 quamobrem
1705 1322 1745 1392 in
1762 1344 1819 1393 me
1835 1345 1951 1395 susee-

601 1486 717 1578 perim
732 1507 806 1556 non
823 1506 886 1557 vos
903 1485 1089 1576 praeteritt
1114 1481 1159 1555 In
1181 1505 1223 1555 eo
1245 1484 1429 1577 egregium
1447 1483 1534 1575 quid
1549 1483 1758 1575 praestitisse
1781 1505 1838 1556 me
1857 1487 1951 1556 affir-

602 1669 701 1719 mare
717 1669 790 1717 non
805 1647 929 1729 audeo,
946 1646 1100 1716 voluisse
1116 1654 1237 1716 tamen
1253 1645 1400 1717 audebo.
1450 1645 1638 1717 Memoriae
1655 1656 1784 1718 vestrae
1801 1669 1873 1719 non
1890 1670 1949 1717 ex·

602 1810 695 1882 cidet
711 1809 855 1901 Synodo
871 1807 1099 1881 Teudunensi
1116 1808 1290 1879 delectum
1307 1829 1462 1879 mecum
1479 1809 1558 1880 aliis
1574 1810 1788 1902 quibusdam
1805 1814 1867 1903 qui
1884 1834 1949 1903 pro

602 1971 761 2044 Ecclesia
781 1971 1003 2054 excubarem,
1025 1972 1064 2042 in
1079 1993 1152 2063 quo
1172 1991 1254 2041 cum
1271 1969 1340 2041 Dei
1356 1971 1508 2066 gloriam
1525 1980 1561 2042 st
1577 1970 1748 2043 Ecclesiae
1764 1974 1949 2044 incolumi-

600 2144 712 2207 tatem
728 2137 914 2226 repentino
926 2138 1087 2206 tumultu
1099 2133 1230 2204 misere
1241 2143 1447 2226 quassatam
1458 2134 1549 2206 mibi
1562 2136 1608 2206 ob
1620 2138 1739 2208 oculos
1752 2137 1948 2219 habuerim,

600 2298 734 2369 nullius
755 2298 920 2368 admissae
943 2297 1058 2388 mulpae
1081 2297 1293 2388 poenitentia
1315 2297 1520 2371 discruciari
1536 2319 1595 2368 me
1610 2298 1787 2389 profiteor.
1822 2298 1951 2370 Susur-

600 2461 696 2529 ravit
719 2457 866 2549 quidem
879 2458 1098 2548 nuperrime
1121 2460 1161 2529 in
1186 2480 1309 2528 aurem
1334 2480 1451 2529 meam
1476 2460 1744 2532 disseminatam
1770 2483 1950 2532 rumorem

600 2625 807 2715 inquietare,
823 2622 983 2692 animum
1003 2642 1124 2692 meum
1141 2622 1187 2692 ob
1202 2617 1327 2712 inique
1349 2632 1386 2693 et
1402 2637 1594 2714 ‘perperam
1610 2631 1711 2716 gestu
1727 2628 1766 2695 in
1779 2628 1853 2721 ista
1869 2650 1951 2718 pm·

599 2789 726 2859 vincia.
761 2785 880 2858 Deum
896 2807 1107 2856 arcanorum
1124 2785 1286 2856 omnium
1303 2786 1479 2856 arbitrum
1495 2807 1536 2856 ac
1552 2794 1690 2869 testem,
1707 2788 1753 2857 ad
1766 2788 1868 2881 cujus
1885 2791 1950 2860 tri·

600 2955 710 3025 bunal
726 2973 792 3047 ego
808 2973 894 3022 mox
910 2951 1100 3033 mutandus,
1123 2950 1273 3041 appello,
1297 2943 1379 3021 cbm
1398 2948 1438 3020 in
1457 2950 1555 3021 omui
1570 2949 1638 3020 hoc
1654 2952 1798 3044 negotio
1813 2953 1859 3022 ad
1875 2975 1950 3024 sco·

600 3138 687 3207 pum
707 3116 908 3208 legitimum
931 3114 1153 3196 collimarim,
1177 3113 1268 3184 nibil
1291 3136 1367 3184 esse
1382 3114 1479 3206 quod
1501 3137 1560 3185 me
1582 3116 1714 3187 cruciet
1740 3126 1804 3187 aut
1829 3127 1948 3212 angat.

601 3279 686 3352 Non
703 3302 745 3349 eo
762 3278 906 3370 quidem
923 3276 1068 3358 inficias,
1085 3276 1170 3348 cum
1182 3275 1380 3348 Ecclesiam
1396 3299 1438 3348 ac
1455 3278 1725 3371 Rempublicam
1743 3303 1839 3353 nexu
1855 3305 1952 3353 ama·

600 3446 663 3516 bili
676 3466 718 3514 ac
729 3443 889 3515 fraterno
902 3441 1077 3535 colligirit
1091 3440 1247 3532 prudens
1264 3442 1390 3512 mundi
1407 3440 1538 3532 opifex,
1554 3444 1594 3513 in
1610 3442 1677 3514 hoc
1690 3438 1851 3515 remisse
1864 3449 1951 3519 velis

599 3605 801 3676 incubuisse
813 3626 871 3674 ms
882 3611 924 3673 ut
936 3625 975 3675 se
986 3603 1122 3673 mutuis
1135 3602 1307 3695 juvarent
1323 3601 1456 3683 officiis,
1464 3623 1511 3672 ne
1523 3602 1743 3694 Reipublicae
1752 3605 1893 3699 gladius
1911 3610 1950 3677 in

601 3768 771 3841 Ecclesiae
787 3766 980 3858 perniciem
996 3764 1244 3858 stringeretur,
1260 3771 1324 3834 aut
1336 3762 1496 3834 Ecclesia
1507 3765 1546 3836 in
1558 3765 1754 3857 principem
1767 3777 1831 3840 aut
1844 3768 1951 3841 Rem-

488 3945 492 3952 '
601 3934 780 4026 publicam
797 3928 958 4004 acerbius
975 3927 1214 4012 inveheretur,
1240 3927 1443 4020 bellumque
1466 3949 1539 3999 non
1561 3932 1799 4003 necessarium
1820 3936 1949 4006 excita·

600 4108 709 4170 retur.
749 4095 876 4190 Neque
891 4103 1013 4166 tamen
1033 4101 1097 4164 aut
1118 4091 1171 4163 ita
1187 4112 1248 4162 me
1263 4092 1360 4183 pacis
1376 4112 1478 4164 amor
1493 4090 1683 4166 fascinavit
1698 4103 1741 4166 ut
1756 4096 1948 4188 genuinam

599 4259 645 4329 ab
661 4261 862 4331 adulterina
878 4281 950 4330 non
966 4256 1187 4338 sacraverim,
1204 4263 1268 4326 aut
1284 4255 1433 4326 effectus
1449 4256 1488 4326 in
1512 4259 1708 4349 principem
1725 4255 1777 4324 its
1792 4252 1950 4342 abripuit

600 4428 641 4490 ut
658 4421 697 4489 in
713 4420 791 4510 ejus
807 4419 961 4512 gratiam
985 4419 1180 4493 labeculam
1196 4418 1308 4489 ullam
1326 4418 1551 4489 eonscientiae
1568 4416 1697 4488 fuerim
1714 4411 1924 4488 inducturus
1939 4439 1949 4501 ;
