4590 6024
723 1667 936 1768 VITAE
971 1668 1073 1766 ΕΤ
1113 1668 1418 1768 MORTIS

666 1917 736 2095 m.
773 1997 1107 2096 commem
1145 1944 1470 2097 ROLLOcl

931 2295 1211 2368 NARRATIO.

351 2732 639 2824 Rouucccs
655 2749 919 2821 Rotuocus
938 2751 1070 2821 metor
1090 2749 1294 2825 Academiae
1316 2760 1353 2820 et
1373 2749 1501 2821 casm
1522 2747 1690 2820 ueniere

348 2908 642 3002 Ediuburgensis,
659 2907 721 2978 ubi
738 2909 855 2978 aetetie
871 2929 947 2977 suae
965 2928 1100 2978 annum
1117 2910 1176 2977 43.
1192 2906 1414 2997 explevisset,
1433 2906 1465 2977 6.
1484 2905 1570 2978 Idus
1584 2907 1687 2979 Febr.

346 3074 565 3148 aun01598.
587 3091 659 3140 non
682 3072 759 3140 sine
779 3091 919 3140 summo
940 3071 1101 3139 omnium
1122 3071 1222 3138 luctu
1243 3090 1449 3162 supremum
1472 3072 1565 3141 diem
1589 3071 1686 3143 obiit

346 3230 423 3311 Vir,
439 3253 485 3301 nc
506 3234 615 3301 celem
635 3232 731 3322 quod
752 3232 878 3311 sentio,
900 3231 976 3300 vite
995 3231 1315 3312 innocentissimus,
1335 3233 1533 3303 eruditione
1555 3232 1682 3304 floreu-

344 3393 513 3473 tissimue,
530 3393 780 3484 propositoque
796 3392 955 3462 omnium
971 3393 1214 3463 sanctissimus
1230 3404 1320 3484 quos
1336 3414 1495 3485 unquam
1512 3395 1597 3464 tulit
1608 3394 1687 3464 haec

341 3557 449 3648 regio.
502 3553 573 3625 Hic
588 3554 677 3625 mihi
694 3555 862 3626 dicendus
879 3555 1100 3625 euellendus
1122 3563 1225 3636 esset,
1247 3554 1310 3624 diu
1331 3557 1556 3647 multumque
1572 3555 1684 3627 embi-

339 3718 490 3810 gebam:
515 3719 641 3789 silendi
658 3727 824 3809 prompta
839 3717 1000 3800 facultas,
1016 3719 1154 3789 dicendi
1171 3720 1354 3810 provincia
1369 3719 1529 3790 humeris
1546 3722 1685 3812 impar:

269 3851 277 3858 ”
338 3903 420 3949 cum
447 3881 542 3949 enim
567 3903 706 3951 mecum
731 3889 934 3972 reputarem
958 3901 1067 3972 quem
1094 3882 1260 3972 locupleti
1286 3882 1481 3953 coelcetium
1510 3881 1685 3952 donorum

338 4041 555 4133 supellectile
571 4041 705 4112 ditatm
728 4043 787 4112 illc
808 4042 928 4123 fuecit,
945 4051 1081 4134 quanta
1101 4044 1140 4112 in
1160 4042 1279 4114 Deum
1300 4044 1432 4135 pietate
1453 4042 1630 4124 claruerit,
1646 4043 1685 4111 in

336 4201 530 4273 Ecclesiam
547 4222 667 4272 amore
682 4200 898 4295 flagraverit,
911 4204 949 4272 in
965 4201 1167 4293 Principem
1179 4212 1216 4273 et
1229 4202 1389 4273 Patriam
1401 4201 1530 4273 affectu
1545 4200 1683 4275 ferbue-

336 4367 396 4446 rit,
407 4364 553 4436 verebur
565 4387 610 4436 ne
626 4374 701 4436 tcm
712 4365 843 4436 eximia
852 4365 1028 4436 virtutum
1041 4374 1273 4435 monumenta
1281 4364 1355 4435 etili
1366 4366 1436 4436 mei
1450 4364 1547 4436 nube
1564 4364 1686 4437 obfus-
