4590 6024
896 797 941 863 D.
957 795 1167 866 ROBERTI
1181 794 1400 865 ROLLOCI.

827 998 894 1075 Qui
908 999 1216 1087 quiequidiutendit
1231 999 1343 1064 fideles

855 1117 1024 1184 Exhilaret
1038 1129 1223 1206 recreetque
1238 1118 1387 1185 mentes?

778 1236 920 1304 Omnem
935 1237 1057 1323 releget
1072 1237 1321 1303 sollicitudiuem

777 1355 865 1421 Cum
881 1356 1068 1421 Christiana
1082 1355 1171 1443 prole
1185 1356 1328 1421 beaverit

820 1474 963 1540 Omnem
976 1474 1134 1560 augurium
1149 1475 1357 1540 tenebricosae

861 1593 990 1670 Gentis,
1006 1615 1082 1681 opes
1097 1593 1198 1658 animi
1212 1593 1399 1660 refundens.

775 1712 919 1778 Omnem
932 1711 1054 1798 relegat
1070 1712 1323 1778 sollicitudiuem

773 1831 937 1910 Rolloeuu,
954 1832 1068 1918 ingene
1083 1832 1186 1917 gloria
1202 1831 1331 1909 Scotiae,
1464 1898 1469 1909 ,

816 1950 883 2025 Qui
897 1950 970 2016 luce
985 1972 1094 2015 caesiis
1109 1950 1254 2036 inquieta

856 2068 1026 2134 AEtbereae
1041 2067 1217 2132 meditatur
1231 2088 1333 2132 arces.

1291 2186 1505 2254 Guarinus
1520 2186 1707 2254 uramus.

767 2540 897 2606 Veruu
911 2561 1037 2604 nouoroe
1053 2560 1188 2605 munere
1201 2538 1320 2605 barbiti

766 2659 925 2748 AEquoeva
937 2658 1061 2724 mundo
1076 2659 1209 2723 nomina
1223 2667 1300 2723 sunt
1315 2658 1423 2724 virdm

809 2779 1008 2866 Quicunque
1023 2777 1117 2864 bigis.
1133 2788 1192 2843 aut
1206 2776 1317 2856 delete,
1333 2789 1390 2844 aut

851 2898 1026 2963 Pancratio
1040 2918 1187 2962 meruere
1201 2895 1326 2981 pinum,

763 3017 949 3082 Laurumve
964 3014 1108 3091 Phoebi3
1123 3013 1176 3079 vel
1190 3013 1212 3078 J
1213 3013 1283 3079 ovis
1297 3013 1455 3081 asculum

762 3133 849 3200 Vaui
863 3133 982 3200 laboris
996 3154 1134 3199 munera
1147 3131 1282 3198 frondea

802 3253 919 3318 Virore
928 3251 1000 3339 jam
1014 3263 1108 3338 grato
1122 3251 1271 3339 superbe,

844 3369 921 3437 Jam
934 3369 1032 3435 viridi
1045 3370 1181 3458 spoliata
1193 3370 1324 3436 bonore.

760 3491 893 3567 Quanto
909 3489 1073 3556 Caruoeuir
1086 3489 1192 3576 aptior
1206 3488 1323 3567 aureis,

759 3609 891 3686 Quanto
905 3608 1040 3696 pereuni
1052 3607 1196 3673 earmine
1210 3606 1346 3674 Pindari

799 3727 854 3795 Tu
867 3727 1005 3815 dignior,
1022 3727 1167 3805 Rollooe,
1183 3727 1279 3792 docto

841 3847 995 3913 Materies
1010 3846 1206 3913 modulanda
1219 3844 1365 3933 plectro?

756 3966 809 4030 Τιι
823 3964 879 4050 qui
889 3964 1005 4029 ferocia
1019 3986 1080 4029 uec
1095 3963 1221 4027 fodiens
1237 3962 1312 4048 equi

757 4084 888 4161 Arinoe,
904 4082 1003 4148 eituto
1017 4090 1075 4147 aut
1089 4080 1252 4147 curriculo
1266 4080 1420 4159 insidens,

799 4201 867 4268 Nec
881 4200 1007 4268 lubriee
1021 4200 1142 4266 famam
1157 4199 1307 4287 palaestra

842 4320 1028 4400 Quaesieris,
1044 4320 1124 4408 pede
1138 4341 1198 4385 uec
1212 4319 1343 4406 fugaee:

757 4440 822 4506 Sed
835 4441 1065 4530 sempiternam
1079 4439 1137 4527 qui
1151 4437 1211 4504 tibi
1223 4437 1371 4526 gloriam,

755 4560 841 4629 Viboe
855 4583 1008 4628 eoronam
1022 4559 1141 4648 quique
1154 4557 1318 4650 paraveris
