4530 6076
579 888 582 901 Ι
614 801 661 865 30
1089 796 1208 861 VITA
1229 796 1294 859 ΕΤ
1317 794 1491 859 OBITUS

614 1023 777 1114 possunt)
795 1031 888 1092 utet
909 1023 1068 1113 plerique
1094 1025 1157 1114 qui
1177 1023 1293 1094 adhuc
1309 1024 1437 1094 vivunt
1460 1023 1688 1094 meminerint
1702 1043 1785 1115 quae
1801 1020 1895 1091 bona
1910 1041 1955 1089 ex

615 1208 656 1255 eo
673 1183 870 1268 didicerint,
888 1195 923 1256 et
940 1186 1072 1276 posteri
1089 1187 1269 1276 exemplar
1281 1186 1436 1258 habeant
1451 1183 1519 1256 sibi
1535 1186 1757 1276 propositum
1770 1184 1866 1276 quod
1878 1183 1957 1253 imi·

615 1357 746 1418 tentur.

664 1670 948 1744 ROBERTUS·
965 1671 1241 1755 ROLLOCUS,
1266 1605 1373 1744 nabus
1398 1695 1492 1745 anno
1521 1676 1639 1757 lota·
1656 1683 1759 1766 patre
1787 1672 1955 1743 Davrna

615 1836 821 1916 RonL000,
839 1833 977 1904 Puissae
995 1829 1091 1924 (quae
1112 1833 1199 1903 villa
1221 1856 1293 1903 non
1315 1834 1423 1928 longe
1444 1833 1599 1906 Sterlino
1621 1835 1734 1928 abest)
1761 1834 1957 1915 comarcho,
1987 1813 1992 1819 ⁵

618 2010 731 2070 matre
748 1999 894 2068 Maon
910 1996 1232 2068 LEVINGSTONIA
1249 2020 1293 2067 ex
1315 1999 1446 2069 illustri
1468 1998 1805 2094 Levingstoniorum
1822 1998 1959 2069 familia

616 2164 776 2235 oriunda.
828 2161 1010 2254 Singulari
1026 2160 1139 2251 patris
1157 2181 1243 2230 cura
1259 2169 1296 2231 et
1311 2162 1431 2232 studio
1445 2161 1639 2234 liberaliter
1654 2163 1834 2244 educabis,
1851 2165 1959 2233 etiam
2035 2154 2036 2157 '

618 2326 747 2414 inipso
763 2323 917 2412 pueritia
928 2344 1010 2391 cum
1023 2323 1140 2412 prima
1149 2323 1323 2393 elementa
1336 2325 1540 2407 addisceret,
1555 2346 1629 2395 non
1638 2325 1827 2396 obscurum
1837 2327 1958 2418 magni

617 2485 752 2578 ingenii
764 2484 940 2574 specimen
957 2483 1076 2565 dedit;
1094 2504 1166 2573 quo
1182 2491 1301 2554 motus
1317 2494 1419 2575 pater
1432 2506 1513 2567 eum
1526 2484 1722 2558 Sterlinum
1735 2490 1781 2557 ad
1797 2488 1960 2558 humani-

618 2668 680 2717 ora
696 2645 815 2716 studia
834 2643 1046 2735 capessenda
1069 2643 1285 2715 amandavit.
1337 2643 1408 2716 Hic
1432 2654 1686 2738 praeceptorem
1702 2647 1829 2719 habuit
1850 2648 1960 2718 Tuo-

620 2826 721 2881 uau
737 2808 1046 2880 Bucnauauuu
1064 2805 1200 2901 (magni
1216 2807 1312 2878 illius
1338 2806 1549 2880 Buchnnani
1565 2817 1751 2900 poctarum
1770 2811 1827 2881 sui
1838 2811 1961 2880 saeculi

618 2974 723 3047 facile
739 2971 908 3064 principis
925 2992 970 3041 ex
986 2969 1098 3041 fratre
1114 2972 1294 3063 nepotem)
1305 2979 1475 3064 spectatae
1490 2978 1569 3043 tum
1579 2969 1778 3064 probitatis,
1794 2981 1873 3044 tum
1883 2994 1963 3044 eru·

620 3138 765 3207 ditionis
777 3137 907 3217 virum,
920 3142 956 3205 et
967 3108 1151 3230 egregium
1159 3135 1363 3229 juventutis
1372 3136 1576 3216 erudiendae
1586 3137 1812 3231 magistrum,
1824 3136 1891 3207 sub
1904 3158 1964 3208 cu·

617 3303 678 3394 jus
695 3299 810 3370 ferula
825 3298 878 3368 ita
898 3297 938 3366 in
962 3295 1233 3369 humanioribus
1255 3298 1369 3371 literis
1390 3297 1542 3390 profecit
1561 3307 1605 3371 ut
1623 3297 1864 3379 Buchananus
1880 3320 1965 3383 enm

622 3463 782 3553 impense
798 3462 971 3543 dilexerit,
989 3469 1026 3530 et
1042 3459 1210 3531 Rollocus
1227 3461 1385 3532 vicissim
1396 3463 1624 3554 praeceptoris
1638 3485 1795 3534 amorem
1807 3464 1861 3534 ita
1870 3483 1964 3533 oom-

623 3624 797 3715 pensavit,
811 3630 853 3692 ut
862 3621 984 3692 multis
996 3629 1077 3711 post
1089 3622 1203 3706 annis,
1216 3642 1297 3705 cum
1313 3619 1518 3695 Academiae
1534 3621 1802 3718 Edinburgenae
1817 3622 1963 3713 praefeo

624 3797 707 3860 tura
721 3784 943 3879 fungeretur,
958 3803 1143 3873 nunquam
1159 3805 1241 3854 eum
1258 3782 1513 3880 Edinburgum
1527 3807 1593 3878 pro
1609 3807 1649 3857 re
1665 3795 1751 3858 nata
1761 3787 1966 3866 uenientem

624 3970 749 4043 passus
765 3948 814 4018 sit
829 3955 931 4019 extra
946 3946 1091 4016 domum
1114 3967 1216 4017 suam
1232 3947 1418 4039 hospitari,-
1433 3949 1539 4040 eique
1551 3950 1729 4046 insignem
1749 3951 1852 4023 illum
1868 3973 1967 4023 com-

624 4113 840 4195 mentarium
862 4112 902 4181 in
923 4109 1077 4201 priorem
1098 4111 1145 4180 ad
1166 4107 1496 4183 Thessalonicenses
1519 4111 1721 4206 Epistolam
1746 4115 1785 4183 in
1806 4111 1964 4181 testimo·

625 4277 727 4345 nium
738 4271 968 4370 gratitudinis
978 4273 1114 4359 dicarit.
1140 4270 1212 4344 Ubi
1224 4273 1265 4345 in
1277 4273 1405 4345 studiis
1421 4273 1692 4360 humanioribus
1704 4272 1790 4343 setis
1803 4278 1965 4342 maturu-

626 4443 712 4512 isset
734 4439 833 4509 misit
851 4455 934 4506 eum
958 4445 1060 4527 pater
1084 4434 1329 4531 Andreapolm
1353 4440 1400 4509 ad
1421 4437 1628 4509 sublimiora
1652 4438 1714 4508 illa
1735 4432 1969 4532 philosophiae
