4530 6076
814 826 1025 891 ROBERTI
1048 825 1268 891 ROLLOCI.
1695 817 1721 890 7

384 1059 553 1131 referunt
594 1057 745 1129 Senatus
756 1059 819 1130 ubi
835 1059 902 1129 hoc
917 1060 1089 1141 rescisset,
1106 1057 1233 1128 blande
1245 1056 1479 1128 nonnonm
1495 1060 1636 1141 invitat,
1653 1060 1725 1128 vel-

387 1225 436 1294 let
452 1232 593 1294 tantum
609 1244 709 1313 opus,
725 1244 806 1292 cum
822 1222 869 1291 ad
892 1220 1071 1302 Ecclesiae,
1093 1229 1172 1291 tum
1195 1220 1414 1312 Reipublicae
1438 1222 1576 1314 insigne
1593 1223 1725 1291 emolu-

388 1393 548 1454 mentum
564 1384 750 1474 auspicari,
762 1405 800 1453 aa
816 1383 915 1452 nulla
930 1383 969 1452 in
985 1404 1024 1452 re
1040 1383 1073 1452 ei
1088 1379 1306 1463 defuturum,
1323 1380 1590 1473 quibusctmque
1605 1391 1724 1472 posset

387 1543 508 1616 officiis
520 1552 743 1626 ornaturum,
765 1544 908 1613 tandem
930 1542 1008 1636 ejus
1030 1542 1225 1613 adventum
1248 1544 1425 1634 impetrat
1475 1542 1584 1614 Anno
1600 1543 1722 1613 eodem

387 1707 639 1802 Edinburgum
672 1706 806 1800 trajicit
838 1706 1069 1787 Ronnocus,
1095 1705 1378 1797 humaniterque,
1409 1703 1464 1792 (ut
1492 1728 1558 1797 par
1582 1707 1673 1796 erat)
1702 1729 1725 1775 a

386 1867 520 1939 Senatu
535 1869 719 1959 excipitur.
1164 1838 1165 1841 Ἴ

436 2029 587 2102 Ineunte
619 2030 746 2122 hyeme
770 2012 991 2122 provinciam
1014 2032 1107 2101 hanc
1132 2031 1302 2111 adoritur,
1328 2031 1543 2120 classemque
1571 2032 1646 2121 ipse
1671 2031 1726 2099 in·

386 2192 513 2263 choat:
538 2195 685 2284 vulgata
708 2201 828 2262 autem
852 2190 949 2261 fama
973 2200 1098 2262 ereetae
1125 2190 1327 2285 Edinburgi
1350 2188 1565 2273 Academiae,
1590 2201 1725 2262 turma·

387 2353 453 2421 tim
482 2372 527 2421 ex
555 2351 720 2422 omnibus
744 2353 846 2446 regni
871 2354 1011 2446 angulis
1036 2352 1289 2446 Edinburgum
1315 2353 1499 2424 confluunt
1519 2354 1583 2444 qui
1604 2354 1724 2424 studia

390 2512 637 2604 Philosophiae
653 2512 865 2596 ambiebant,
881 2515 921 2583 in
936 2535 1045 2584 unam
1063 2515 1209 2584 classem
1225 2516 1433 2609 ooalescmt
1475 2513 1536 2584 Ex
1548 2515 1592 2586 iis
1605 2524 1724 2585 autem

389 2681 574 2771 plerosque
590 2680 716 2750 laxiori
733 2681 930 2751 trivialium
947 2681 1147 2751 scholarum
1164 2681 1349 2771 disciplina
1364 2681 1522 2763 effrenes,
1544 2683 1583 2751 in
1601 2683 1724 2753 limine

387 2843 503 2936 rigida
518 2842 706 2914 severitate
722 2842 813 2913 mire
829 2844 1053 2935 compescuit,
1070 2844 1293 2913 severitatem
1309 2851 1429 2911 tamen
1445 2844 1554 2912 insita
1569 2844 1722 2934 quadam

386 3004 455 3075 sibi
472 2983 658 3076 clementia
672 3006 865 3096 prudenter
880 3005 1115 3095 temperavit:
1141 3003 1336 3072 doctrinam
1353 3011 1474 3099 autem
1490 3027 1562 3096 qua
1578 3027 1637 3076 eos
1657 3007 1724 3076 im-

386 3165 475 3244 buit,
491 3165 713 3255 disciplinam
728 3185 801 3255 qua
816 3165 979 3244 coercuit,
996 3162 1193 3255 Religionis
1210 3163 1432 3236 condimento
1447 3165 1499 3236 sic
1514 3167 1668 3251 miscuit,
1679 3179 1721 3241 ut

385 3325 555 3418 guttatim
572 3285 709 3395 tenellis
721 3326 897 3418 juvenum
914 3324 1042 3395 animis
1058 3325 1225 3414 pietatem
1242 3325 1439 3396 instillaret
1482 3325 1527 3397 In
1542 3329 1610 3400 hoc
1625 3333 1721 3402 enim

382 3486 546 3577 inprimis
562 3507 684 3556 omnes
699 3506 828 3555 nervos
844 3485 998 3555 intendit
1013 3495 1056 3556 ut
1071 3485 1261 3576 discipulos
1277 3508 1360 3557 suos
1376 3491 1618 3561 sanctimoniae
1639 3493 1721 3564 cha·

380 3658 514 3719 ractere
538 3649 736 3742 insigniret,
760 3669 825 3718 neo
848 3655 1014 3718 conamm
1041 3657 1115 3717 tam
1141 3649 1240 3739 pium
1266 3629 1444 3720 successus
1468 3650 1718 3740 frusmabatur,

380 3820 521 3882 tantum
546 3777 721 3902 siquidem
745 3809 1015 3891 hortationibus,
1036 3811 1324 3900 'praelectionibus
1349 3815 1468 3896 sacris,
1493 3817 1622 3907 quibus
1647 3819 1717 3888 alia

379 3974 497 4043 studia
517 3971 739 4053 distinxem,
755 3970 914 4062 profecit,
938 3979 981 4042 ut
1006 3970 1168 4042 efferatos
1181 3973 1357 4066 juvenum
1381 3977 1517 4046 animos
1539 3979 1715 4061 cinuarit,
1814 4022 1817 4030 -

377 4157 418 4205 ae
434 4137 473 4205 in
488 4134 602 4205 mei
617 4132 776 4223 obsequii
797 4153 928 4224 gyrum
950 4133 1135 4226 redegere
1186 4111 1259 4203 uu
1282 4135 1514 4224 quaesenno
1536 4137 1582 4207 an
1602 4141 1714 4210 cuns.

375 4300 445 4369 culi
463 4294 701 4387 Philosophici
717 4294 853 4364 exitum
870 4293 1016 4362 classem
1032 4292 1124 4362 hanc
1142 4295 1375 4385 perduxisset,
1391 4296 1468 4390 ejus
1485 4300 1643 4394 singulos
1665 4306 1711 4376 ad

376 4460 646 4530 examinationis
663 4457 831 4528 amussim
850 4463 1001 4539 exactos,
1025 4457 1156 4539 laurea,
1178 4479 1286 4549 quam
1309 4458 1554 4554 Magdstralem
1571 4478 1709 4552 vocant,

373 4622 528 4691 donavit.
