4590 6024
473 777 522 845 40
933 771 1051 836 VITA
1073 771 1139 835 ET
1163 769 1337 835 OBITUS

468 1003 565 1075 illius
577 1015 711 1074 catenae
723 1001 972 1075 beneficiom'm
982 1004 1050 1077 Dei
1063 1028 1156 1096 quae,
1169 1027 1244 1098 cap.
1261 1010 1295 1088 8,
1305 1025 1397 1076 vers.
1411 1009 1472 1089 30,
1485 1004 1651 1101 habetur)
1664 1014 1818 1080 uectatu

468 1168 601 1261 insigni
614 1168 657 1237 de
669 1168 850 1239 nonnullis
864 1167 1080 1240 Christianae
1094 1170 1266 1241 doctrinae
1279 1168 1453 1260 capitibus
1466 1190 1475 1240 τ
1501 1169 1585 1241 Duo
1596 1170 1675 1243 haec
1688 1173 1821 1264 scripta

468 1350 550 1399 cum
572 1329 665 1402 forte
686 1333 726 1403 in
749 1353 876 1403 manus
894 1331 1109 1403 celeberrimi
1131 1332 1228 1403 illius
1252 1330 1426 1426 'l'beologi
1443 1330 1490 1401 D.
1517 1330 1696 1404 Theodori
1713 1334 1821 1405 Bezae

470 1493 675 1565 incidissent
692 1502 794 1566 tanto
805 1495 938 1589 gaudio
955 1494 1032 1587 ejus
1049 1495 1210 1565 animum
1222 1492 1468 1584 perdiderunt,
1480 1501 1533 1577 ut,
1546 1494 1585 1565 in
1597 1492 1762 1585 Epistola
1774 1497 1820 1565 ad

468 1652 494 1722 J
495 1676 646 1725 oannem
656 1654 680 1723 J
681 1655 898 1726 obnstonum
906 1655 1113 1750 'l'bcologiae
1122 1655 1363 1727 inAcademia
1371 1655 1565 1729 Andreana
1574 1657 1819 1750 professorem,

470 1838 543 1887 non
559 1818 717 1909 potuerit
732 1840 771 1889 se
787 1820 967 1890 continere
985 1821 1074 1909 quin
1089 1821 1127 1889 in
1145 1820 1223 1912 ejus
1241 1820 1363 1890 laudes
1382 1831 1595 1913 erumperet
1622 1820 1751 1892 Visum
1767 1829 1821 1891 est

470 1982 591 2072 aliqua
602 1983 714 2074 ipsius
731 1981 841 2052 verba
857 1991 1024 2052 attexere.
1050 1988 1072 2021 “
1087 1981 1167 2054 Hoc
1183 1984 1261 2074 ipso
1275 1992 1445 2074 tempore,
1460 1980 1619 2079 (inquit)
1635 1986 1725 2056 mihi
1739 2006 1821 2056 con·

470 2145 555 2238 tigit
567 2143 794 2216 Thesaurum
811 2147 977 2229 nancisci,
993 2146 1057 2236 qui
1070 2146 1187 2215 nescio
1196 2166 1269 2236 quo
1284 2145 1430 2215 sinistro
1440 2143 1527 2228 fato,
1536 2148 1700 2239 quamvis
1712 2147 1770 2217 hic
1782 2148 1821 2216 in

469 2310 630 2380 omnium
646 2312 798 2381 aliorum
815 2318 1003 2402 conspectu
1020 2319 1233 2390 versaretur,
1250 2331 1307 2378 me
1323 2318 1445 2380 tamen
1462 2311 1578 2381 adhuc
1598 2309 1820 2405 subterfuge-

469 2481 528 2541 rat
543 2470 556 2541 τ’
578 2469 806 2542 Thesaurum
821 2472 916 2541 enim
934 2493 998 2541 cur
1014 2492 1087 2541 non
1104 2472 1288 2562 appellem,
1301 2479 1337 2542 et
1352 2472 1498 2563 quidem
1514 2474 1820 2564 pretiosissimum,

472 2637 551 2707 illos
568 2634 765 2705 honorandi
782 2633 923 2706 summe
941 2632 1075 2717 fratris
1092 2631 1138 2702 D.
1159 2632 1307 2716 Rolloci,
1324 2655 1407 2705 cum
1422 2636 1462 2705 in
1478 2632 1680 2725 Epistolnm
1691 2636 1737 2705 ad
1749 2636 1821 2706 Ro-

472 2821 608 2882 manos,
625 2808 704 2870 tum
720 2799 759 2869 in
775 2797 977 2890 Epistulam
1000 2799 1046 2869 ad
1063 2796 1250 2889 Ephesios,
1269 2806 1459 2890 utramque
1481 2799 1576 2869 inter
1591 2797 1815 2890 Apostolicos

475 2986 597 3035 omnes
613 2960 937 3045 celebratissimum,
954 2962 1256 3034 commentarios?
1283 2961 1342 3033 Sic
1359 2963 1454 3032 enim
1472 2984 1539 3057 ego
1555 2962 1699 3056 quidem
1715 2964 1759 3034 de
1775 2965 1819 3034 iis

477 3127 572 3218 apud
589 3148 646 3195 me
662 3134 782 3196 statuo
800 3122 909 3217 (quod
925 3127 1058 3217 absque
1076 3127 1151 3196 ulla
1161 3126 1278 3217 specie
1301 3125 1517 3196 adulationis
1539 3127 1675 3198 dictum
1691 3127 1814 3220 velim)

474 3290 565 3361 nihil
582 3289 699 3360 adhuc
715 3289 841 3384 legisse
856 3310 914 3359 me
930 3289 970 3359 in
985 3288 1053 3360 hoc
1070 3290 1374 3381 interpretationis
1390 3311 1519 3382 genere
1535 3287 1680 3361 brevius
1702 3291 1820 3375 simul,

475 3478 556 3527 cum
580 3452 789 3549 elegantius,
805 3461 885 3524 tum
907 3452 1119 3546 judiciosius
1142 3453 1326 3543 scriptum,
1348 3460 1390 3522 ut
1411 3454 1487 3543 ipse
1509 3474 1567 3522 me
1588 3453 1633 3523 iis
1653 3454 1819 3544 inspectis

475 3617 654 3687 continere
671 3618 910 3708 nequiverem,
927 3636 991 3685 nec
1013 3615 1133 3697 etiam,
1150 3615 1287 3704 opinor,
1304 3612 1499 3695 debuerim,
1517 3616 1605 3704 quin
1627 3622 1663 3684 et
1679 3613 1757 3685 Deo
1773 3615 1817 3684 de

477 3780 544 3852 hoc
559 3780 750 3850 utilissimo
766 3776 999 3872 proculdubio
1015 3776 1287 3870 quamplurimis
1304 3775 1427 3846 futuro
1443 3773 1563 3845 labore
1574 3776 1709 3870 gratias
1721 3798 1821 3873 mag-

476 3967 540 4015 nas
558 3965 711 4039 agerem,
727 3952 764 4013 et
780 3950 924 4014 tantuin
945 3943 1013 4013 hoc
1036 3939 1137 4010 vobis
1163 3938 1307 4022 bonum,
1327 3941 1385 4009 vel
1408 3940 1476 4010 toti
1498 3941 1618 4030 potius
1638 3938 1819 4024 Ecclesiae,

475 4109 684 4201 gratularer,
703 4106 822 4178 Deum
846 4114 1009 4197 precatus
1035 4112 1078 4174 ut
1101 4104 1197 4174 hunc
1216 4103 1399 4173 hominem
1420 4104 1523 4173 novis
1550 4103 1701 4174 subinde
1717 4105 1817 4174 donis

478 4284 622 4340 auctum
640 4270 788 4340 feliciter
804 4277 999 4351 conservet,
1018 4267 1086 4338 boc
1110 4267 1310 4358 praesertim
1335 4276 1494 4358 tempore
1518 4267 1557 4336 in
1581 4273 1819 4357 quopropter

480 4438 617 4500 tantam
634 4431 875 4518 operariorum
893 4429 931 4499 in
948 4429 1137 4500 excolenda
1153 4427 1222 4497 Dei
1239 4428 1351 4498 nostri
1362 4428 1466 4497 vinea
1478 4428 1671 4509 raritatem,
1684 4436 1721 4497 et
1733 4449 1818 4518 pou-
