4590 6024
642 786 690 860 56
1110 795 1229 861 VITA
1251 791 1316 855 ΕΤ
1339 792 1508 866 OBITUS

646 1029 734 1099 siliis
748 1027 851 1110 fidus,
868 1029 906 1097 in
924 1031 1099 1121 colloquio
1117 1031 1267 1103 affabilis
1286 1043 1322 1103 et
1338 1035 1469 1103 comis,
1510 1029 1556 1101 In
1572 1031 1678 1102 rebus
1695 1033 1796 1103 seriis
1813 1032 1935 1126 gravis
1951 1054 1993 1103 ac

647 1194 803 1284 prudens
826 1189 935 1284 (quod
962 1193 1001 1263 in
1026 1194 1176 1284 publicis
1200 1195 1367 1266 Ecclesiae
1392 1196 1545 1289 negotiis
1573 1197 1803 1287 procurandis
1828 1197 1994 1268 omnibus

646 1355 729 1425 fecit
745 1355 989 1445 manifestum)
1008 1359 1047 1426 in
1064 1359 1210 1427 consilio
1227 1360 1305 1427 aliis
1324 1358 1559 1448 impertiendo
1576 1359 1875 1449 promptissimus.
1916 1357 1994 1430 Has

649 1541 733 1589 vero
758 1519 906 1588 eximias
929 1521 1082 1590 virtutes
1106 1521 1255 1591 omebat
1280 1520 1500 1590 admirabilis
1524 1519 1721 1601 humilitas,
1743 1542 1816 1611 qua
1831 1522 1995 1612 quamvis

651 1685 815 1776 plurimis
827 1684 1134 1776 praestantissimis
1147 1682 1289 1753 dotibus
1307 1684 1395 1754 alios
1412 1682 1488 1752 fere
1504 1704 1626 1752 omnes
1640 1684 1803 1765 anteiret,
1819 1691 1939 1753 tamen
1952 1705 1997 1752 ne

651 1836 813 1919 infimum
830 1848 974 1938 quidem
998 1845 1182 1916 fastidiose
1203 1847 1375 1939 despexit,
1396 1847 1485 1938 quin
1506 1847 1625 1937 potius
1643 1868 1718 1916 sese
1734 1846 1899 1919 omnibus
1916 1847 1999 1917 sub-

652 2011 760 2079 misit.
793 2008 853 2080 Ad
867 2008 1107 2078 humilitatem
1125 2009 1270 2077 accessit
1287 2008 1503 2079 incredibilis
1516 2009 1689 2078 modestia
1706 2018 1742 2078 et
1758 2009 1868 2080 animi
1881 2010 2000 2078 mode·

651 2175 754 2255 ratio,
770 2182 812 2242 ut
824 2174 989 2263 quamvis
1002 2173 1198 2240 multorum
1212 2171 1377 2240 convitiis
1394 2193 1435 2239 ac
1452 2171 1640 2240 calumniis
1652 2169 1794 2261 publice
1810 2171 1887 2262 ipso
1900 2172 2000 2241 audi·
2045 2255 2049 2262 ¹

656 2347 736 2408 ente
752 2337 931 2407 immerito
948 2335 1190 2426 impeteretur,
1212 2356 1398 2424 nunquam
1418 2334 1563 2403 auditus
1583 2333 1632 2402 sit
1654 2333 1810 2403 convitia
1829 2354 2001 2427 regerere,

655 2502 1005 2572 aut'calumniatores
1019 2499 1251 2579 recriminari,
1264 2507 1328 2567 aut
1341 2520 1463 2567 vocem
1476 2500 1633 2589 aliquam
1646 2506 1771 2569 contra
1787 2498 2000 2568 detractores

654 2666 826 2746 emittere,
842 2663 905 2733 sed
922 2661 1025 2732 bonae
1042 2663 1266 2733 conscientiae
1283 2663 1488 2732 testimonio
1504 2659 1618 2731 fretus
1635 2661 1786 2731 tacitum
1802 2682 1878 2730 sese
1890 2663 2001 2733 conti-

655 2835 745 2903 nuit.
769 2840 771 2845 ⁴
797 2830 913 2900 Semel
929 2837 1071 2899 tantum
1088 2851 1153 2920 pro
1170 2828 1336 2898 concione
1352 2827 1517 2919 apologia
1532 2848 1619 2896 rasus
1636 2834 1701 2909 est,
1718 2834 1821 2897 tanta
1843 2826 2002 2896 modera-

657 2999 764 3078 tione,
781 3004 824 3064 ut
839 2994 1017 3065 neminem
1036 2993 1226 3075 vellicaret,
1243 2993 1378 3060 nullius
1396 2990 1503 3060 famae
1520 2990 1733 3073 detraheret,
1754 2990 1934 3061 neminem
1949 2994 2004 3061 in·

657 3162 852 3240 simularet,
869 3158 1003 3228 nemini
1020 3157 1153 3226 crimen
1170 3156 1395 3248 impingeret,
1408 3156 1470 3224 sed
1488 3155 1726 3225 sinceritatem
1743 3163 1885 3226 tantum
1902 3177 2004 3226 suam

658 3346 775 3395 coram
795 3322 873 3410 Deo
893 3331 929 3392 et
946 3320 1058 3413 ipsius
1074 3318 1235 3390 Ecclesia
1251 3326 1403 3388 testatus
1420 3319 1478 3388 sit.
1530 3314 1659 3389 Studia
1676 3340 1742 3390 sua
1758 3340 1840 3388 cum
1856 3317 2007 3413 familia·

660 3486 759 3558 ribus
793 3484 1076 3557 communicabat
1102 3505 1252 3573 eamque
1281 3481 1437 3574 discendi
1463 3481 1559 3550 viam
1594 3480 1692 3571 saepe
1720 3480 1845 3551 utilem
1873 3481 1940 3551 sibi
1966 3502 2007 3549 ac

663 3649 883 3720 fructuosam
897 3657 1048 3719 testatus
1065 3657 1130 3717 est.
1156 3647 1226 3717 Sed
1242 3668 1339 3716 cesso
1355 3645 1399 3719 de
1416 3667 1458 3715 eo
1474 3645 1589 3737 plura,
1603 3666 1685 3735 quae
1704 3644 1791 3713 satis
1808 3643 1928 3737 multa
1939 3643 2008 3714 dici

662 3822 838 3906 poterant,
852 3821 888 3881 et
904 3811 1054 3882 fortasse
1068 3811 1287 3880 debuerant:
1306 3810 1367 3880 sed
1385 3807 1551 3879 omuibus
1567 3809 1606 3876 in
1623 3806 1813 3898 propatulo
1829 3812 1916 3876 sunt
1932 3804 2009 3900 ejus

664 3981 827 4060 virtutes,
839 3987 875 4046 et
888 3984 963 4046 tam
975 3976 1136 4046 modesto
1154 3976 1260 4069 genio
1277 3974 1435 4045 sobrium
1455 3971 1571 4042 laudis
1588 3971 1889 4064 decuscompetit.
1916 3968 2009 4064 Ejus

664 4143 824 4212 decessus
830 4138 930 4230 fama
936 4148 1089 4230 quantas
1099 4140 1288 4230 lacrymas,
1298 4159 1380 4228 quae
1389 4137 1649 4226 suspiriaquos
1661 4127 2011 4229 singultusperuni·

666 4326 805 4374 versam
822 4302 947 4373 urbem
965 4325 1006 4371 ac
1023 4303 1204 4394 regionem
1229 4300 1414 4371 conciliarit
1438 4301 1553 4369 relatu
1570 4298 1645 4368 fere
1668 4295 1881 4366 incredibile.
1903 4292 2012 4363 Sena·
2072 4339 2074 4343 v

667 4478 737 4548 tus,
754 4465 959 4544 Academia,
976 4465 1114 4544 civitas,
1131 4462 1261 4554 plebes,
1285 4463 1418 4555 singuli
1441 4471 1612 4552 tanquam
1636 4462 1674 4528 in
1697 4459 1888 4539 domestico
1912 4459 2013 4538 luctu
