4530 6076
477 763 524 829 aa
931 710 1049 824 vmu
1070 758 1136 822 nn
1159 755 1333 854 omnus

476 993 626 1061 summis
655 992 765 1083 juxta
789 1012 831 1060 ac
861 989 993 1062 infimis
1024 1000 1101 1061 erat
1129 990 1356 1085 gratissimus
1384 987 1693 1081 charissimusque
1734 986 1825 1058 Gra·

472 1161 550 1222 tum
574 1153 792 1244 charumque
814 1154 969 1224 reddidit
991 1154 1122 1223 candor
1144 1154 1291 1244 quidam
1316 1152 1361 1222 in
1380 1150 1486 1221 rebus
1509 1152 1673 1245 gerendis
1696 1153 1822 1245 genui·
1903 1223 1908 1231 ,

471 1336 551 1397 nus,
574 1317 796 1411 insignisque
825 1318 1023 1399 humilitas,
1043 1340 1125 1409 quae
1147 1319 1286 1408 reliqua
1301 1317 1395 1388 dona
1410 1336 1493 1407 quae
1515 1315 1552 1384 in
1571 1336 1612 1384 eo
1629 1323 1731 1386 erant
1747 1316 1821 1385 exi·

470 1479 544 1548 mia
565 1479 715 1551 mirifice
738 1483 936 1552 exornavit.
969 1481 1145 1563 Quamvis
1170 1480 1264 1550 enim
1291 1481 1350 1550 ille
1372 1479 1553 1571 praeclaris
1574 1475 1716 1546 dotibus
1739 1478 1819 1547 aliis

468 1637 544 1711 fere
561 1641 725 1712 omnibus
742 1642 962 1732 praeluceret,
980 1663 1056 1712 sese
1073 1650 1195 1712 tamen
1211 1664 1276 1711 suo
1293 1663 1400 1712 censu
1416 1639 1513 1711 infra
1524 1660 1646 1709 omnes
1662 1639 1814 1709 demisit.

468 1800 561 1872 Fixa
586 1802 730 1894 quidem
755 1805 866 1874 animi
890 1804 1073 1896 proposito
1094 1804 1327 1874 constituerat
1349 1803 1445 1894 apud
1462 1824 1537 1872 sese
1559 1804 1680 1887 latere,
1702 1812 1814 1895 utque

465 1964 593 2034 studiis
618 1965 765 2037 liberius
790 1975 932 2037 vacaret
953 1967 1051 2036 intra
1077 1965 1283 2037 Academiae
1307 1964 1481 2056 pomaeria
1505 1984 1581 2034 sese
1606 1964 1744 2046 abdere,
1767 1931 1812 2034 ne

465 2128 559 2199 euris
575 2129 725 2220 publicis
743 2130 985 2221 implicaretur
999 2150 1009 2213 ;
1028 2141 1161 2221 praeter
1173 2139 1299 2201 votum
1315 2139 1436 2200 tamen
1452 2129 1498 2199 ad
1514 2128 1656 2218 publica
1668 2129 1812 2222 negotia

464 2292 631 2382 pleraque
644 2301 823 2362 extractus
839 2302 903 2373 est,
915 2316 998 2384 quae
1008 2294 1152 2383 quidem
1163 2294 1223 2363 ille
1239 2292 1413 2386 singulari
1426 2300 1462 2362 et
1478 2292 1701 2362 sanctissima
1716 2293 1812 2383 pari·

465 2460 520 2519 ter
535 2452 726 2541 prudentia
743 2452 962 2543 expediebat.
988 2453 1173 2544 Praecipiti
1189 2452 1302 2543 plebis
1319 2455 1396 2524 zelo
1412 2453 1558 2524 turbata
1573 2463 1716 2525 maturo
1731 2455 1808 2548 ejus

462 2611 608 2682 consilio
629 2613 668 2682 in
685 2613 846 2683 ordinem
862 2613 1009 2683 reducta
1024 2622 1120 2682 sunt.
1147 2612 1246 2682 Rara
1261 2613 1330 2681 aeli
1346 2613 1441 2683 socia
1457 2613 1658 2703 prudentia,
1671 2635 1736 2685 nec
1752 2639 1808 2687 as-

462 2779 586 2850 siduus
599 2781 799 2872 prudentiae
810 2801 927 2851 eomas
943 2781 1040 2850 aelus
1051 2800 1063 2863 3
1076 2780 1263 2871 utriusque
1275 2787 1396 2849 tamen
1409 2778 1586 2874 insignem
1596 2781 1804 2872 temperiem

460 2941 607 3013 Rollooo
621 2944 798 3014 indiderat
810 2945 853 3025 is,
870 2945 933 3035 qui
945 2965 1095 3014 munera
1107 2943 1215 3014 tacito
1232 2942 1398 3034 dispertit
1414 2941 1573 3024 arbitrio,
1587 2963 1709 3037 quam,
1719 2941 1802 3013 cum

460 3102 631 3188 Ecclesia,
658 3116 736 3178 tum
753 3108 969 3199 Respublica
990 3107 1175 3180 Scotioanu
1196 3129 1278 3179 cnm
1294 3129 1426 3202 magno
1448 3128 1514 3179 suo
1539 3107 1632 3179 bono
1654 3116 1691 3179 et
1712 3129 1807 3180 com·

458 3270 564 3340 modo
580 3271 692 3342 sensit
707 3270 776 3342 sibi
792 3273 996 3344 salutarem.
1021 3270 1228 3343 Novissima
1244 3272 1331 3343 vitae
1348 3271 1492 3343 biennio
1508 3273 1559 3343 sic
1575 3273 1670 3344 euris
1687 3273 1804 3365 publi·

458 3433 513 3533 cis
524 3435 820 3528 praegravabatur
832 3444 875 3506 ut
888 3435 1054 3506 valetudo
1070 3436 1204 3526 alioqui
1221 3435 1307 3506 satis
1323 3433 1467 3505 infirma
1481 3435 1674 3507 labasceret
1687 3455 1697 3504 ι
1716 3438 1803 3508 asai-

456 3594 538 3664 duis
554 3595 649 3665 enim
668 3598 792 3666 calculi
809 3597 1024 3669 cruciatibus
1041 3597 1249 3692 angebatur,
1261 3607 1298 3668 et
1314 3596 1489 3669 stomachi
1504 3597 1712 3666 infirmitate
1728 3598 1805 3667 lan·

455 3756 655 3851 gueseebat,
671 3766 708 3829 et
724 3766 845 3830 tamen
864 3759 983 3830 visum
1000 3768 1054 3831 est
1070 3760 1158 3843 Deo,
1175 3761 1242 3831 hoc
1257 3763 1337 3852 ipso
1358 3754 1498 3830 summe
1521 3759 1690 3851 perplexo
1714 3769 1803 3831 tem·

455 3943 551 4014 pore,
568 3923 680 4016 ipsius
696 3946 806 4017 opera
817 3923 990 3997 Ecclesiae
1003 3947 1146 4017 pessum
1164 3926 1264 3996 eunti
1281 3923 1480 3996 subvenire.
1514 3921 1611 3994 Nam
1627 3933 1804 4016 quantum

456 4085 614 4159 humano
625 4089 763 4184 judicio
779 4091 947 4183 consequi
965 4093 1135 4173 valemus,
1151 4092 1221 4162 nisi
1238 4090 1454 4182 periclitanti
1466 4085 1639 4162 Ecclesiae
1655 4092 1801 4161 celerem

455 4269 558 4339 opem
575 4255 727 4336 urlismt,
744 4256 783 4325 in
798 4257 1023 4328 miseriarum
1041 4278 1211 4328 oceanum
1235 4254 1427 4325 incidisset.
1479 4251 1686 4326 Inconsulto
1705 4250 1800 4322 enim

455 4421 605 4483 armatae
630 4415 743 4504 plebis
767 4437 952 4500 concursu,
974 4419 1086 4511 Regis
1104 4441 1145 4489 ac
1170 4417 1366 4508 primatum
1388 4412 1464 4507 (qui
1484 4415 1563 4508 jam
1588 4411 1801 4506 Edinburgo
