4530 6076
788 811 1004 880 ROBERTI
1026 812 1244 880 ROLLOCI.
1637 813 1686 882 45
1716 814 1719 823 '

337 1045 507 1120 Gulielmi
520 1043 617 1115 Scoti
630 1039 746 1138 (cujus
761 1043 867 1114 fidem
880 1056 917 1115 et
928 1037 1209 1114 benevolentiam
1225 1063 1312 1137 erga
1327 1063 1365 1112 se
1379 1041 1547 1112 eximiam
1558 1042 1683 1113 multis

335 1211 412 1305 jam
439 1209 692 1302 experimentis
715 1208 900 1300 didicerat)
926 1202 1021 1278 serid
1046 1207 1280 1277 commendat
1330 1203 1507 1300 Ingressis
1530 1207 1577 1276 ad
1601 1226 1684 1277 eum

341 1373 547 1444 Parmam
564 1369 831 1441 (launomaro
847 1378 884 1440 et
899 1367 1067 1439 Damus
1085 1363 1303 1439 Lrunssro
1319 1389 1477 1439 amorem
1500 1369 1539 1440 in
1555 1370 1686 1460 prinei-

341 1556 423 1628 pem
439 1535 502 1627 qui
524 1554 664 1624 semper
682 1533 761 1627 ejus
777 1533 898 1604 animo
913 1530 1122 1602 medullitus
1138 1531 1326 1602 insedisset
1340 1539 1503 1614 testatus,
1519 1531 1559 1602 in
1575 1536 1687 1625 eoque

341 1717 380 1766 se
399 1695 477 1767 vita
495 1714 725 1765 exeessurum
746 1692 938 1784 professus,
959 1691 1100 1788 flagitat
1115 1693 1229 1786 ipsius
1244 1694 1388 1765 nomine
1408 1715 1529 1788 regem
1548 1695 1687 1778 adeant,

342 1858 613 1956 hortenturque,
628 1864 671 1928 ut
686 1856 868 1951 religionis
881 1857 1061 1928 tramitem
1075 1877 1182 1949 quem
1196 1856 1371 1927 inoffenso
1383 1877 1490 1927 eursu
1505 1855 1690 1949 humsque

343 2022 539 2113 pressisset,
555 2021 672 2115 gradu
693 2041 768 2092 uon
784 2020 972 2090 vacillante
993 2020 1040 2090 ad
1055 2019 1225 2089 ultimum
1242 2021 1330 2090 vitae
1345 2019 1514 2110 spiritum
1529 1986 1691 2102 dulcaret,

345 2205 460 2275 neque
476 2205 539 2274 spe
555 2184 630 2253 ulla
646 2180 887 2274 amplificandi
903 2183 1017 2276 regni,
1038 2191 1103 2254 aut
1125 2190 1366 2255 veteratorum
1382 2182 1539 2254 subdolis
1555 2181 1693 2254 technis

345 2368 383 2417 se
402 2345 449 2416 ab
464 2367 506 2416 eo
521 2345 643 2416 divelli
659 2353 853 2438 pateretur,
877 2344 921 2415 de
938 2343 1108 2416 Euclesiae
1129 2344 1331 2437 pasteribus
1356 2368 1429 2438 qua
1449 2367 1517 2438 par
1531 2354 1624 2417 esset
1639 2367 1695 2416 re·

347 2509 508 2580 vmentia
526 2509 676 2580 sentiret
695 2515 732 2578 et
752 2509 967 2599 loqueretur.
1019 2512 1041 2546 ‘⁴
1057 2505 1153 2579 Illud
1174 2497 1271 2578 enim
1287 2506 1424 2579 Christi
1448 2507 1698 2603 ministerium,

347 2671 580 2770 quantumvis
592 2669 751 2741 humano
766 2670 900 2741 ealmlo
916 2668 1095 2764 abjectum
1111 2678 1148 2741 et
1169 2669 1316 2754 humile,
1331 2671 1427 2763 apud
1443 2670 1563 2743 Deum
1580 2681 1702 2745 tamen

349 2855 425 2906 esse
440 2833 661 2929 gloriosum:
687 2831 951 2904 Pastoreslieet
967 2840 1120 2904 testacea
1135 2833 1210 2903 sint
1224 2834 1379 2915 vascula,
1402 2833 1565 2905 omnium
1580 2833 1701 2904 sordes

351 3006 388 3069 et
410 3004 649 3090 purgamenta
677 2995 816 3079 mundi,
841 2996 973 3066 illustri
997 2994 1142 3066 taudem
1166 2994 1283 3089 gloria
1306 2993 1493 3066 fulsuros.”
1542 2993 1701 3092 Ingressi

353 3160 517 3252 deinceps
529 3168 688 3251 pastores
700 3157 963 3253 Edinburgeni,
974 3157 1105 3250 quibus
1117 3158 1356 3232 assidentibus
1373 3162 1424 3231 sic
1436 3160 1527 3233 infit
1551 3160 1705 3257 f‘lhlgri-

354 3321 490 3393 tudinis
506 3322 599 3391 mole
614 3320 730 3390 lassus
743 3319 834 3412 writae
850 3318 960 3413 hujus
975 3321 1111 3391 exitum
1125 3320 1295 3393 anhelans
1307 3323 1405 3414 spiro
1420 3344 1462 3393 aa
1477 3344 1590 3415 spero.
1616 3321 1702 3396 Non

294 3432 299 3440 ’
354 3479 1703 3576 accummmuuaautuoeuquinueoammerumnmmuva

355 3656 519 3720 mentum
533 3647 696 3719 sentiam
746 3643 949 3718 Aeademioe
964 3668 1061 3730 cura,
1077 3645 1219 3731 fratres,
1239 3646 1412 3720 altissime
1427 3670 1567 3741 semper
1583 3651 1704 3722 ammo

357 3811 608 3882 meoinsedit:
631 3808 1030 3905 quautaegoeamtide
1051 3831 1093 3879 ac
1113 3808 1705 3884 indusuiaadministrtrtmtsstis

358 3971 540 4055 estDeus,
563 3993 630 4064 ego
651 3973 742 4042 mihi
765 3972 877 4063 probe
898 3972 1179 4042 eonseiussum:
1204 3982 1508 4064 quantumaxea
1529 3973 1706 4044 inEeale-

358 4136 449 4208 siam
465 4142 502 4206 et
518 4133 789 4226 Rempublieam
803 4135 1084 4205 emolumentum
1100 4129 1319 4216 redundarit,
1339 4154 1404 4204 vos
1423 4143 1555 4230 testes„
1590 4136 1705 4208 Rum-

361 4302 519 4394 pendum
534 4319 620 4369 mox
632 4297 719 4369 vitae
735 4256 825 4367 meae
840 4295 952 4379 filum,
969 4295 1288 4390 trajiciendumque
1308 4295 1399 4367 mihi
1416 4297 1455 4368 iu
1471 4299 1626 4391 patriam
1642 4301 1706 4373 diu

363 4467 588 4556 multumque
599 4461 779 4552 cupitam:
797 4482 843 4532 ne
855 4481 977 4553 quaeso
993 4480 1052 4531 me
1062 4458 1161 4531 ‘vivis
1173 4468 1338 4553 exempto
1352 4460 1461 4535 nimis
1476 4462 1599 4537 amare
1613 4463 1707 4537 erhi-
