4530 6076
640 735 662 800 4
1129 731 1246 794 VITA
1269 730 1332 793 ET
1357 730 1484 794 Mons

630 952 744 1000 caram
755 931 991 1022 potiusquam
1002 932 1226 1001 illustrarem.
1253 929 1406 999 Moerore
1416 931 1523 999 etiam
1534 928 1702 1000 Ecclesiae
1711 930 1788 1023 ejus
1800 927 1901 998 obitu
1911 929 1969 998 be·

631 1093 740 1184 nigno
752 1100 897 1183 parente
908 1092 1052 1175 orbatae,
1065 1092 1283 1183 Reipublicae
1293 1091 1444 1182 principi
1457 1093 1601 1160 alumno
1618 1093 1785 1172 viduatae,
1795 1090 1969 1162 exhausta

632 1255 802 1323 memoria
818 1276 906 1337 mea,
922 1255 1088 1326 hebetata
1103 1256 1232 1325 mentis
1249 1254 1351 1334 acies,
1368 1253 1508 1322 exaruit
1524 1253 1674 1343 denique
1690 1274 1814 1323 sermo.
1851 1253 1969 1322 Sedet

633 1415 751 1483 animo
776 1414 961 1484 volvebam
986 1416 1208 1506 quorundam
1234 1414 1412 1484 solennem
1442 1413 1743 1493 consuetudinem,
1772 1412 1968 1483 celebrandi

632 1575 739 1643 etiam
762 1573 951 1665 profanum
976 1595 1088 1673 genus
1113 1572 1311 1654 hominum,
1338 1595 1426 1663 quos
1447 1574 1525 1667 jam
1550 1572 1683 1642 claudit
1707 1570 1881 1664 gehenna,
1914 1594 1970 1641 eo-

633 1757 783 1825 rumque
793 1734 960 1804 encomiis
973 1735 1182 1827 multijuges
1199 1735 1347 1827 paginas
1365 1733 1583 1815 resarciendi,
1600 1735 1691 1814 acin
1707 1734 1752 1803 iis
1768 1733 1972 1804 umbratilia

635 1903 776 1964 tantum
794 1896 939 1971 virtutis
956 1896 1146 1965 simulacra
1161 1895 1208 1964 sd
1221 1896 1325 1965 coelos
1335 1917 1448 1987 usque
1460 1894 1624 1965 laudibus
1637 1894 1818 1964 evehendi.
1869 1896 1974 1965 Ron-

635 2074 779 2127 nocum
798 2065 918 2127 autem
937 2058 1023 2126 dum
1040 2066 1238 2148 superesset
1251 2078 1346 2126 verae
1359 2057 1504 2127 virtutis
1515 2057 1734 2140 thesaurum,
1746 2079 1842 2127 nunc
1854 2068 1973 2128 autem

638 2220 786 2290 coelestis
798 2219 1022 2289 Hierusalem
1033 2219 1333 2313 incolam,diuque
1343 2221 1463 2311 cupita
1471 2218 1649 2290 fruentem
1658 2220 1975 2312 gloriaoblivionis

638 2403 679 2449 ac
695 2381 826 2450 silentii
843 2380 981 2450 tumulo
998 2379 1144 2468 sepelire
1160 2379 1259 2449 nefas
1277 2381 1456 2469 putabam.
1509 2379 1736 2453 Pensitabam
1748 2384 1854 2453 etiam
1868 2406 1976 2474 quam

640 2540 835 2610 innumeris
852 2540 1004 2608 vinculis
1021 2539 1257 2609 adamantinis
1271 2561 1327 2608 me
1340 2562 1421 2609 cum
1434 2541 1513 2609 aliis
1526 2542 1688 2632 plurimis
1701 2543 1768 2612 sibi
1779 2545 1978 2615 devinxerit

630 2710 786 2777 utnon'
802 2703 879 2773 sinc
901 2699 1037 2772 nefario
1053 2701 1181 2775 scelere
1197 2708 1339 2772 tantum
1359 2702 1478 2771 virum
1498 2702 1740 2772 taciturnitate
1761 2705 1898 2794 operire
1922 2727 1979 2775 me

639 2876 741 2959 posse
758 2871 891 2958 putem.
924 2863 1066 2935 ·In²h0c
1083 2863 1310 2934 consiliorum
1327 2864 1423 2935 bivio
1439 2863 1705 2934 cunctabundus
1721 2866 1785 2936 diu
1796 2866 1981 2949 haeseram,

642 3014 867 3101 silentiumne
884 3050 932 3098 an
947 3049 1146 3098 sermonem
1162 3028 1206 3096 de
1222 3035 1324 3099 tanto
1341 3027 1419 3097 viro
1436 3047 1667 3119 capesserem:
1684 3030 1827 3099 tandem
1844 3030 1982 3101 diutu-

645 3213 728 3261 nam
741 3189 999 3260 'cunctationem
1012 3188 1150 3281 abrupi
1162 3192 1270 3282 inque
1278 3194 1357 3260 eam
1367 3191 1578 3261 sententiam
1591 3191 1848 3274 descendi'non
1861 3192 1984 3264 verbo-

634 3370 726 3426 ‘rum
748 3352 932 3433 illecebris,
948 3361 1012 3421 ant
1034 3353 1209 3423 lenocinio
1224 3354 1405 3435 orationis,
1428 3354 1505 3446 ejus
1528 3355 1650 3424 laudes
1671 3355 1907 3447 amplificandi
1923 3357 1986 3445 qui

642 3520 720 3611 jam
744 3515 988 3586 beatossedes
1012 3515 1145 3596 incolit,
1164 3513 1444 3604 inexh'austoque
1468 3522 1652 3584 saturatur
1669 3516 1801 3607 gaudio
1824 3518 1859 3584 in
1884 3516 1987 3585 vultu

639 3677 779 3748 ·Dei·et
803 3674 902 3769 Agni
927 3675 1149 3745 scaturiente
1198 3673 1334 3745 Verum
1360 3676 1479 3744 animo
1503 3696 1582 3745 meo
1601 3675 1711 3744 statui
1738 3675 1815 3769 ejus
1838 3676 1924 3746 vitae
1949 3697 1990 3746 ac

651 3839 777 3910 mortis
791 3839 1075 3929 inclytammque
1082 3837 1260 3906 virtutum
1274 3835 1435 3930 effigiem,
1444 3859 1551 3928 quam
1566 3835 1641 3906 fieri
1651 3844 1768 3926 potest
1778 3859 1989 3929 expressam,

652 4003 851 4096 depingere,
868 4000 969 4094 cujus
982 3996 1245 4092 pulchritudine
1257 3998 1372 4069 allecti
1385 4021 1450 4069 nos
1462 3999 1524 4089 qui
1541 3999 1574 4068 ei
1590 4021 1831 4090 supersumus,
1848 3999 1893 4068 ad
1906 4000 1992 4070 vitae

653 4165 730 4256 ejus
747 4163 978 4234 sanctissima
995 4160 1147 4254 vestigia
1162 4161 1354 4251 premenda
1372 4161 1612 4243 sollicitemur,
1628 4163 1809 4253 vitamque
1825 4159 1917 4230 hanc
1932 4183 1995 4232 no-

659 4330 772 4393 stram
789 4323 963 4393 consimili
981 4325 1082 4393 exitu
1098 4323 1190 4393 felici
1209 4345 1250 4393 ac
1265 4322 1404 4392 honoro
1425 4322 1639 4392 claudamus.
1688 4321 1740 4392 Et
1758 4321 1921 4411 quamvis
1935 4344 2001 4416 ego
