4530 6076
885 759 928 823 D.
944 757 1154 825 ROBERTI
1168 759 1389 827 ROLLOCI.

659 961 824 1024 Brutum(
841 980 886 1024 DE
902 981 1034 1039 EODEM,
1050 981 1107 1028 QUI
1125 982 1194 1026 CUM
1210 983 1256 1025 An
1272 982 1345 1025 EUM
1363 981 1452 1026 nutu
1469 981 1606 1026 LlllElllS

747 1098 943 1156 CARUISSET,
961 1099 1104 1143 UXOREM
1120 1100 1285 1148 nsulsum·
1303 1099 1520 1143 susurnam.

551 1315 623 1379 Tor
639 1314 698 1379 tibi
712 1314 768 1400 qui
782 1315 895 1400 genuit
910 1325 1012 1392 natos,
1028 1313 1184 1391 Ecclesia,
1200 1324 1314 1410 uatum

589 1433 655 1498 Vix
670 1456 774 1498 unum
788 1414 927 1499 moliens
942 1433 1080 1520 liquerat
1095 1432 1149 1497 ille
1164 1434 1235 1498 eibi.
1324 1448 1330 1457 ·

549 1554 615 1618 Par
629 1552 693 1617 fuit
707 1563 866 1618 aeternum
881 1553 983 1618 sterili
998 1552 1194 1618 subolescere
1208 1563 1323 1630 morte,

590 1672 659 1747 Qui
673 1673 755 1737 vixit
768 1671 934 1749 Phoenix3
951 1671 1023 1759 jam
1036 1674 1121 1759 parit
1136 1683 1168 1737 et
1183 1672 1331 1737 moritur.

1261 1791 1379 1856 Devm
1395 1792 1544 1858 Huanus
1556 1799 1661 1876 posuit

544 2027 613 2101 Qur
628 2025 696 2089 vita
709 2024 819 2089 (locuit
833 2024 1013 2101 Christum,
1030 2025 1086 2109 qui
1101 2024 1249 2109 dogmate
1265 2021 1445 2100 Christum,

587 2143 741 2209 Rolloeus
756 2166 833 2209 vera
846 2142 1062 2230 simplicitate,
1079 2142 1152 2207 fide.

541 2263 620 2328 Post
635 2264 782 2328 tenebras
796 2263 917 2341 fimas,
934 2262 1118 2348 quas'verhi
1133 2261 1200 2325 sole
1215 2259 1355 2347 fugitet,

583 2382 679 2447 Nunc
693 2382 817 2447 clarum
831 2382 867 2446 in
882 2381 970 2447 claro
983 2380 1106 2447 lumine
1120 2381 1231 2446 lumen
1246 2379 1350 2444 habet.

1059 2620 1188 2685 Atrum

540 2738 628 2804 Dum
644 2737 802 2803 suavitate
816 2737 903 2817 vites,
919 2748 953 2803 et
965 2738 1161 2817 innocentia,

537 2856 686 2923 Candore
700 2857 849 2943 pectoris,
867 2879 1006 2936 morum,
1023 2867 1055 2922 et
1069 2856 1248 2920 industria:

538 2976 629 3041 Dum
644 2976 763 3041 sedulis
777 2975 951 3053 laboribus,
967 2985 1000 3040 et
1013 2974 1193 3038 illustribus

539 3095 675 3181 Scriptis
690 3094 766 3170 suis,
783 3103 815 3158 et
830 3103 956 3159 exteros
975 3092 1144 3158 Christum
1159 3092 1251 3156 docet

535 3212 700 3290 Rollocus,
717 3223 750 3276 et
761 3212 886 3276 cunetis
900 3211 989 3276 viam
1002 3210 1044 3276 ad
1057 3211 1176 3275 eoelum
1190 3210 1309 3275 struit:

537 3332 627 3396 Dum
641 3329 820 3418 principem
834 3340 867 3394 et
881 3331 1047 3417 populum,
1062 3330 1150 3395 viros
1164 3340 1197 3395 et
1211 3329 1369 3405 staminas,

535 3451 557 3516 J
561 3473 688 3528 avenes,
705 3472 807 3528 senes,
823 3450 955 3528 mulcet,
970 3449 1073 3528 (locet,
1090 3449 1189 3526 ducit,
1206 3448 1327 3515 trahit:

535 3568 648 3635 Tantis
662 3569 825 3635 laboribus
839 3569 1005 3658 imparem,
1022 3569 1212 3634 mortalibus

535 3688 678 3754 Tantum
692 3689 801 3754 virum
815 3689 1050 3776 spernentibus,
1067 3687 1220 3753 Christus
1233 3687 1328 3774 rapit.

533 3804 564 3871 0
580 3817 612 3872 te
626 3809 757 3873 boatum
773 3805 781 3874 !
801 3807 864 3873 heu
877 3830 938 3873 nos
949 3807 1147 3873 miserrimos
1159 3804 1167 3874 l
1184 3807 1276 3873 eheu.

1218 3925 1440 3989 Acunum
1456 3921 1615 3988 Hurrrus.

533 4156 778 4237 Quoscuuour
794 4163 890 4219 terroe
904 4154 1011 4241 pergit
1024 4154 1067 4218 ad
1081 4153 1221 4219 orbitam

531 4273 657 4339 V'molis
670 4271 838 4359 ligandum
852 4296 886 4338 se
901 4272 957 4336 dat
970 4272 1101 4338 aheneis

574 4392 795 4480 Contegionis,
811 4415 875 4458 neu
888 4401 1068 4458 retrorsum

616 4513 669 4580 lre
682 4525 779 4601 queat
792 4511 924 4602 superos
937 4511 980 4578 atl
993 4512 1106 4578 orbes:
