4530 6076
722 715 767 782 D.
782 713 994 783 ROBERTI
1007 713 1227 782 ROLLOCI.

446 937 547 1003 Nemo
561 938 653 1024 sequi
666 950 705 1002 ut
719 959 818 1002 renue
831 935 899 1001 vivi
914 934 1050 1020 vestigia
1063 933 1156 1011 nolit,

486 1062 530 1125 Et
545 1058 692 1147 propiore
707 1061 791 1125 mori
805 1058 949 1125 Numine
964 1081 1060 1125 nemo
1075 1057 1163 1123 velit.

798 1308 1049 1371 Emrnorem.

670 1432 703 1496 Ο
716 1448 760 1495 re
776 1439 883 1493 sotum
898 1424 1056 1504 foeliciter,

669 1552 849 1639 Fotumque
861 1561 893 1616 te
907 1547 1043 1626 felieir‘re,

668 1676 894 1762 Functumque
908 1668 1103 1738 felicissime

668 1799 785 1864 Noster
800 1798 894 1875 Ceto,
910 1796 1017 1874 Plato,
1033 1796 1152 1859 Numa.

711 1922 742 1987 Ο
758 1930 808 1988 ter
821 1923 953 1987 beatum
967 1917 1151 2004 etamplius

668 2044 713 2108 Et
727 2043 804 2120 vite,
821 2053 854 2108 et
868 2051 953 2118 ortu,
970 2050 1003 2106 et
1017 2040 1142 2116 funere,

668 2166 752 2241 Quis
767 2175 799 2230 te
813 2163 948 2230 referret
961 2161 1109 2240 oemulue,

667 2287 811 2366 Rollooe,
827 2297 937 2354 noster
950 2282 1097 2372 indiges!

720 2404 926 2487 AEtermlm
942 2409 1043 2486 ealee
1058 2417 1167 2508 atque
1183 2409 1275 2496 eale,
1300 2453 1315 2470 -
1339 2454 1355 2471 ·
1379 2455 1395 2470 -

734 2597 749 2611 -
799 2596 812 2609 -
856 2594 872 2610 ·
912 2548 1042 2623 Decus
1058 2545 1185 2620 addite
1200 2545 1325 2620 Divis.

983 2683 1173 2749 Hrecorre
1187 2681 1382 2748 Rouocoe.

454 2949 615 3016 Roneerr
631 2949 787 3015 Roerocr
803 2948 990 3013 'furorem
1006 2946 1272 3011 Enereunorm
1290 2963 1395 3008 noes.

477 3156 633 3223 Rouocr
649 3158 804 3224 ethereae
819 3157 1017 3242 emigreture
1031 3176 1089 3242 per
1102 3177 1209 3231 eures,

519 3279 605 3345 Gom
620 3279 705 3345 foret
718 3280 761 3345 ed
775 3302 939 3355 summum
953 3299 1046 3344 mene
1059 3278 1124 3365 pie,
1139 3298 1231 3364 pure,
1246 3276 1378 3364 polum:

474 3405 570 3469 Mene
584 3424 657 3468 mee
670 3404 776 3490 perfer
789 3403 897 3469 adhue
910 3413 943 3469 te
957 3424 1044 3469 ooeoo
1058 3401 1119 3467 hoe
1133 3422 1261 3467 eereere
1275 3400 1402 3467 eleudi:

516 3527 790 3616 Exibiejemjem
804 3527 924 3593 libera:
940 3524 1205 3614 eerpegredumz

468 3651 581 3716 Dixit:
606 3661 639 3717 et
653 3674 824 3740 erumpere
838 3650 903 3718 ieta
915 3673 1069 3739 eempege
1083 3649 1192 3716 solute

513 3775 666 3863 Corporis
679 3776 820 3843 exanimi
835 3797 910 3842 mox
924 3775 1013 3842 videt
1027 3797 1084 3840 ore
1095 3773 1172 3840 Dei.

816 3894 1015 3980 Epigramm.
1030 3891 1370 3958 eorumeorurn
1386 3894 1481 3962 Ceut.
1498 3895 1560 3960 VI.
1576 3902 1629 3960 44.

1076 4007 1200 4090 [Lond.·
1214 4012 1309 4087 1616,
1326 4017 1416 4093 evo]
