4530 6076
894 811 1107 876 ROBERTI
1132 811 1350 875 ROLLOCI.
1703 817 1751 891 49

399 1044 500 1126 milri,
522 1043 796 1136 Academiaeque
820 1044 1085 1135 praeficiendum
1110 1066 1282 1125 censeam,
1305 1044 1453 1115 incuriae
1477 1044 1652 1113 maculam
1677 1063 1749 1113 non

398 1210 602 1305 effugerem.
642 1211 738 1293 Quid
755 1212 884 1281 attinet
900 1221 1038 1282 exteras
1055 1212 1216 1305 regiones
1233 1212 1433 1306 pervagari,
1450 1212 1677 1305 peregrinum
1695 1234 1749 1282 as-

398 1373 526 1444 ciscere
542 1374 605 1466 qui
622 1374 706 1443 huic
722 1371 917 1465 provinciae
934 1374 1068 1464 praesit,
1085 1396 1192 1464 quem
1209 1375 1352 1443 interim
1370 1374 1532 1444 doctrina
1548 1373 1750 1465 disciplina-

395 1559 465 1628 que
480 1537 590 1631 hujus
606 1536 810 1608 Academiae
827 1536 966 1607 lateat?
1000 1535 1109 1607 Domi
1122 1538 1241 1623 pirum
1258 1539 1512 1629 locupletatum
1523 1538 1628 1607 'donis
1645 1520 1748 1607 acad

395 1701 530 1769 munus
553 1699 621 1770 hoc
643 1701 859 1769 instructum
883 1697 1032 1780 habetis,
1059 1699 1295 1770 Hauurcum
1320 1700 1657 1782 Cnanrsursrum,
1688 1702 1752 1792 qui

397 1863 633 1934 eruditionem
656 1884 714 1932 me
736 1870 953 1954 praeceptore
970 1861 1150 1935 uberrime
1167 1862 1299 1947 hausit,
1316 1874 1352 1935 et
1368 1863 1576 1955 professoris
1594 1865 1750 1956 philoso-

399 2028 495 2117 phiae
512 2030 660 2097 munere
675 2026 757 2116 plus
775 2025 944 2094 decennio
962 2027 1106 2117 egregia
1118 2048 1198 2094 cum
1212 2026 1316 2095 laude
1328 2026 1536 2116 perfunctus
1548 2037 1613 2097 est.
1641 2028 1749 2098 Hunc

401 2211 465 2260 vos
482 2193 521 2259 in
537 2187 743 2258 Academiae
761 2185 880 2275 puppi¹
890 2185 1016 2267 sistite,
1039 2188 1185 2278 ejusque
1205 2192 1306 2258 clavo
1328 2191 1506 2280 apponite.
1556 2190 1675 2261 Deum
1696 2192 1749 2261 illi

394 2353 591 2442 propitium
604 2351 752 2444 ejusque
764 2346 945 2418 laboribus
956 2347 1222 2421 benedicentem
1237 2352 1469 2443 conspicietis.
1496 2349 1574 2424 Vos
1588 2354 1687 2424 decet
1705 2376 1750 2423 ex

394 2522 507 2593 officio
517 2518 721 2591 Academiae
735 2522 949 2593 Maecenates
962 2544 1003 2592 ac
1015 2530 1184 2612 patronos
1197 2542 1272 2589 esse
1287 2539 1297 2587 z
1314 2516 1446 2600 Altior,
1459 2541 1592 2610 quaeso,
1606 2519 1684 2612 ejus
1696 2541 1752 2590 so-

393 2685 540 2755 licitudo
556 2686 694 2754 animos
711 2693 849 2755 vestros
866 2682 1001 2755 subeat
1036 2682 1092 2752 De
1109 2682 1310 2752 domesticis
1327 2682 1415 2773 quid
1432 2679 1575 2752 dicam?
1602 2703 1750 2752 uxorem

393 2851 515 2922 desero
531 2860 675 2921 uterum
692 2848 864 2920 ferentem
881 2868 890 2918 :
915 2870 1029 2918 unum
1046 2870 1069 2917 a
1085 2848 1186 2917 vobis
1206 2868 1430 2937 summopere
1446 2847 1620 2917 contendo
1634 2867 1645 2930 3
1672 2869 1751 2917 sen·

397 3017 465 3084 tiat
481 3014 544 3082 illa
560 3033 717 3082 amorem
737 3033 809 3102 quo
826 3010 965 3102 semper
980 3032 1037 3080 me
1054 3011 1208 3100 amplexi
1225 3011 1310 3079 estis
1327 3011 1484 3080 extincto
1500 3033 1558 3080 me
1579 3032 1652 3081 non
1669 3033 1751 3085 exa,-

395 3175 519 3246 ruisse.
553 3173 750 3266 Nunquam
767 3173 856 3244 mihi
874 3174 949 3243 dies
966 3182 1030 3242 aut
1045 3194 1118 3242 nox
1134 3173 1355 3266 agritudinis
1372 3194 1521 3265 expers:
1544 3176 1606 3245 illa
1621 3197 1679 3246 me
1696 3175 1750 3246 tdt

395 3337 601 3409 morborum
619 3336 884 3406 difficultatibus
901 3345 1109 3426 quassatum
1126 3336 1285 3406 suaviter
1298 3358 1436 3427 semper
1452 3335 1544 3407 fovit
1560 3337 1750 3410 ac-refocil-

393 3503 493 3572 lavit
520 3499 683 3596 Ingenua
699 3499 868 3592 profiteor
884 3523 929 3571 ex
946 3498 1111 3570 omnibus
1128 3500 1315 3590 stipendiis
1332 3501 1421 3571 meis
1437 3521 1510 3570 non
1527 3523 1750 3574 coacervasse

393 3689 451 3737 me
463 3665 585 3738 obolos
594 3667 683 3736 duos
698 3687 708 3750 ;
733 3687 918 3756 nunquam
936 3661 1031 3734 enim
1048 3664 1139 3735 mihi
1156 3666 1253 3735 cordi
1270 3675 1334 3736 aut
1350 3687 1446 3737 curae
1462 3668 1645 3737 mundana
1660 3667 1747 3738 lraec

392 3829 489 3910 Quid
501 3827 616 3900 multa
627 3827 737 3923 uerba
748 3827 931 3919 perderem
945 3845 955 3895 t
972 3851 1028 3909 ne,
1040 3850 1174 3918 quaeso,
1191 3828 1337 3899 affectus
1353 3839 1471 3900 vester
1488 3831 1526 3900 in
1542 3853 1600 3933 me
1616 3831 1748 3899 claudi·

393 4003 449 4062 cet
465 3993 504 4062 in
519 3991 628 4062 eam.”
673 3991 909 4084 Magistratus
927 4000 1177 4081 senatoresque
1193 3993 1329 4061 solenni
1345 3992 1520 4082 promisso
1536 3992 1641 4063 fidem
1659 3995 1747 4064 dant

393 4156 551 4226 facturos
564 4177 601 4224 se
611 4155 732 4224 omnia
741 4176 785 4223 ex
799 4154 909 4223 animi
920 4155 1033 4244 ipsius
1046 4155 1230 4224 sententia
1259 4152 1479 4224 Professores
1491 4156 1618 4227 deinde
1635 4156 1749 4249 philo-

396 4319 531 4410 sophiae
542 4318 586 4388 ad
598 4317 828 4410 perstandum
839 4317 877 4385 in
888 4315 1012 4397 officio,
1022 4316 1252 4406 debitumque
1262 4318 1453 4388 successori
1463 4340 1528 4389 suo
1538 4318 1747 4413 obsequium

349 4559 352 4567 ,
397 4483 573 4556 hortatur.
609 4482 678 4553 His
691 4482 854 4573 peractis,
868 4477 977 4553 verba
988 4480 1122 4575 insigni
1135 4483 1369 4554 sanctimonia
1384 4485 1528 4556 condita
1542 4485 1747 4577 profundit:

1052 4629 1080 4681 o
