4590 6024
833 789 1047 853 nonnam
1071 789 1289 855 nonnocr.
1703 800 1752 873 39

408 1018 455 1087 tis
480 1017 567 1088 alios
595 1018 808 1113 sugillanda,
835 1019 1066 1100 criminando,
1091 1020 1247 1089 taxando
1272 984 1556 1110 aucupiuentur:
1583 1022 1749 1094 hortatus

405 1181 513 1251 etiam
534 1191 577 1252 ιιι
596 1181 687 1252 nihil
712 1181 900 1272 opinionis,
926 1183 1047 1258 omnia
1071 1182 1294 1254 conscientiae
1316 1190 1421 1277 gnata
1443 1192 1604 1277 agerent.
1656 1184 1753 1257 Huic

403 1356 478 1416 tam
494 1345 668 1417 indefesso
691 1346 810 1415 studio
834 1355 871 1416 et
896 1343 1078 1417 immensis
1104 1346 1282 1417 laboribus
1308 1347 1361 1416 ita
1384 1345 1566 1418 benedixit
1586 1346 1686 1420 Deus
1708 1358 1751 1421 ut

402 1509 574 1600 plurimos
599 1509 721 1600 paucis
746 1510 849 1579 annis
875 1510 922 1580 ad
945 1531 1077 1580 munus
1106 1511 1282 1600 pastorale
1311 1510 1519 1602 propulerit,
1548 1511 1588 1580 in
1616 1510 1747 1602 quibus

400 1673 644 1743 sanctimoniae
660 1678 697 1741 et
716 1672 925 1741 eruditionis
941 1693 1018 1743 suae
1035 1672 1119 1741 viva
1134 1672 1267 1766 effigies
1283 1675 1446 1743 eluceret.

450 1832 512 1903 Ad
527 1834 592 1903 hos
610 1832 746 1904 labores
764 1843 865 1903 tanta
881 1834 1059 1904 industria
1075 1836 1273 1905 exantlatos
1290 1833 1476 1905 accedebat
1488 1843 1524 1906 et
1537 1837 1640 1918 alius,
1657 1841 1753 1927 quod

401 2018 482 2067 cum
496 1997 633 2067 videret
643 1997 684 2066 in
700 1998 843 2087 tamplo,
856 1997 953 2086 quod
966 1995 1112 2065 Novum
1123 2004 1282 2078 vocatur,
1299 1997 1482 2088 ingentem
1495 2010 1636 2067 summo
1648 2019 1753 2069 mane

399 2161 587 2231 convenire
603 2158 871 2229 multitudinem
887 2157 1009 2250 populi
1024 2177 1034 2239 ;
1061 2158 1172 2227 nollet
1187 2179 1282 2240 eum,
1301 2165 1345 2227 ut
1361 2155 1507 2238 solebat,
1523 2157 1678 2230 otiosum
1697 2181 1751 2231 se.-

399 2323 492 2402 dere,
517 2322 578 2390 sed
605 2317 721 2407 (tanta
743 2321 928 2391 hominem
948 2321 1036 2390 alios
1059 2320 1099 2389 in
1119 2321 1180 2389 via
1201 2318 1351 2395 Domini
1372 2320 1584 2391 instituendi
1607 2322 1751 2393 incessit

398 2483 540 2576 cupido)
557 2484 708 2576 singulis
725 2482 850 2553 diebus
868 2481 1066 2553 Dominicis
1082 2481 1172 2553 hora
1192 2485 1346 2574 septima
1361 2484 1540 2555 matutina
1562 2479 1672 2575 (quod
1688 2508 1751 2556 an-

331 2640 336 2649 ’
399 2654 501 2724 tehac
516 2651 721 2746 Edinburgi
737 2673 924 2744 nunquam
940 2650 1157 2745 factitatum)
1171 2655 1290 2745 palam
1304 2655 1503 2726 concionari
1519 2657 1637 2746 coepit,
1650 2664 1751 2726 tanta

399 2818 553 2909 Spiritus
559 2826 595 2887 et
605 2817 775 2906 potentiae
784 2815 1202 2899 demonstratione,tant0
1212 2818 1469 2905 sententiarum
1479 2818 1751 2908 pondere,tanta

398 2980 588 3052 verborum
605 2980 783 3073 gravitate
800 2989 842 3048 ut
858 2980 1108 3070 plerorumque
1125 2986 1262 3048 mentes
1275 2979 1408 3049 coelesti
1420 2980 1497 3049 luce
1509 2979 1748 3071 perfunderet,

397 3141 543 3212 affectus
571 3149 805 3231 permoveret,
830 3161 952 3209 omnes
977 3140 1098 3209 insui
1123 3140 1395 3211 admirationem
1422 3151 1572 3234 raperet.
1622 3141 1749 3234 Neque

399 3306 494 3375 enim
511 3303 642 3396 vulgus
659 3310 801 3372 tanturn
818 3303 943 3383 movit,
960 3302 1023 3371 sed
1039 3310 1075 3371 et
1091 3302 1271 3372 eruditum
1297 3302 1482 3373 hominum
1498 3326 1612 3396 genus
1628 3305 1679 3374 sic
1695 3305 1747 3375 af-

398 3467 482 3537 fecit
504 3476 559 3541 ut
572 3486 703 3535 novam
724 3466 840 3535 lucem
864 3466 903 3534 in
923 3463 1101 3535 mentibus
1126 3465 1200 3535 suis
1225 3466 1379 3548 accendi,
1401 3487 1513 3538 novos
1539 3466 1684 3539 affectus
1705 3469 1746 3540 in

398 3632 562 3703 cordibus
578 3631 726 3702 formari
743 3652 816 3700 non
833 3628 979 3701 obscure
996 3631 1169 3700 sentirent
1185 3651 1227 3699 ac
1248 3629 1510 3721 profiterenttu.

449 3794 645 3885 Postquam
667 3796 718 3863 sic
741 3792 980 3862 concionando
1003 3790 1212 3863 absolrdsset
1228 3789 1394 3883 Apostoli
1414 3791 1522 3863 Pauli
1544 3791 1746 3885 Epistulam

399 3958 445 4027 ad
467 3954 655 4046 Ephesios,
677 3955 820 4047 scripsit
844 3956 882 4025 in
905 3977 984 4025 eam
1005 3955 1298 4024 commentarium
1320 3956 1384 4045 qui
1408 3957 1505 4046 typis
1525 3976 1674 4025 exorsus
1691 3968 1745 4030 est

399 4139 494 4192 anno
512 4121 618 4194 1590.
670 4115 807 4187 Eodem
824 4113 899 4185 ferd
915 4123 1073 4204 tempore
1094 4116 1132 4185 in
1148 4112 1343 4185 Academia
1367 4115 1548 4205 discipulis
1565 4116 1639 4185 suis
1656 4118 1745 4207 pub-

399 4279 465 4354 liet
478 4280 602 4353 diebus
614 4278 731 4349 Lunae
748 4277 911 4370 praelegit
925 4275 1127 4367 Epistolam
1140 4275 1298 4370 ejusdem
1311 4274 1476 4367 Apostoli
1489 4228 1535 4352 ad
1552 4276 1745 4364 Romanos,

398 4449 505 4538 inque
522 4467 600 4515 eam
617 4443 728 4515 edidit
740 4442 903 4533 analysin
919 4441 1081 4535 logicam,
1094 4441 1279 4535 interjecto
1295 4441 1403 4511 etiam
1417 4436 1612 4528 (occasione
1624 4465 1742 4516 aureas
