4530 6076
563 825 612 897 26
909 820 1026 884 VITA
1049 821 1114 884 ET
1139 821 1270 887 Mons
1293 819 1513 886 ROLLOCI.

566 1057 719 1144 increpo,
745 1076 850 1124 mone
869 1043 991 1124 'elium
1015 1064 1174 1144 eepesset
1200 1057 1285 1125 vitae
1308 1056 1500 1138 tramitem,
1524 1056 1659 1148 alioqui
1678 1059 1778 1129 nullu
1798 1059 1830 1128 ei
1853 1081 1908 1128 sa-

566 1222 634 1301 lus,
651 1222 846 1292 eertissime
862 1223 978 1292 minu.
1029 1221 1204 1312 Deinceps
1220 1222 1273 1292 illi
1291 1243 1407 1292 sermo
1428 1231 1640 1305 oontruotue
1656 1246 1729 1294 non
1745 1224 1906 1305 diffusus,

568 1385 676 1456 verba
697 1397 818 1458 temen
840 1388 949 1459 fortis
965 1411 1006 1458 ec
1026 1387 1187 1469 efficacia,
1208 1388 1381 1480 gaudium
1401 1389 1539 1458 eoeleete
1558 1387 1734 1477 spirantia
1749 1410 1790 1457 ee
1806 1392 1906 1459 redo·

566 1553 698 1636 lentim
716 1553 784 1624 sub
800 1556 886 1625 vitae
902 1555 1009 1625 finem
1022 1556 1180 1644 placidus
1198 1555 1344 1646 quidam
1361 1576 1507 1625 somnus
1523 1554 1659 1645 irrepit,
1672 1551 1736 1644 qui
1747 1575 1829 1623 oum
1843 1555 1907 1623 uli-

567 1719 727 1807 quandiu
744 1741 825 1788 eum
843 1721 1094 1810 oompsvisset,
1111 1721 1247 1811 placide
1267 1742 1308 1790 ec
1324 1722 1482 1791 suaviter
1498 1720 1659 1791 Creatori
1674 1741 1716 1789 eo
1732 1718 1907 1808 Redemp-

564 1885 876 1955 torisuoanimem
888 1887 1121 1957 sommendat.
1148 1884 1200 1956 Et
1212 1888 1375 1977 quamvis
1384 1888 1572 1969 extinctus,
1586 1895 1687 1956 notos
1699 1895 1820 1956 tumen
1832 1886 1904 1955 oris

564 2051 759 2139 pollornon
771 2050 1019 2133 eonfundebot,
1030 2073 1156 2123 verum
1166 2061 1362 2143 temperato
1372 2054 1524 2143 quodam
1533 2051 1662 2124 rubore
1671 2050 1904 2143 perfundeba-

564 2224 634 2285 tur.
685 2216 778 2310 Ejus
795 2218 956 2289 decessus
978 2217 1086 2301 fame,
1105 2229 1257 2310 quantes
1274 2218 1485 2311 lachrymas,
1501 2227 1590 2309 quot
1605 2218 1759 2307 suspirie
1774 2239 1815 2286 ao
1830 2219 1903 2287 sin-

560 2383 683 2473 gultus
695 2383 972 2470 peruniversam
982 2384 1157 2457 urbemuo
1173 2387 1354 2478 regionem
1363 2385 1558 2465 eoncitarit,
1574 2386 1690 2454 relatu
1705 2383 1778 2453 fere
1790 2386 1901 2454 incre-

559 2542 677 2618 dibile.
727 2544 853 2616 Funus
870 2546 997 2638 mojori
1014 2569 1123 2637 quem
1140 2570 1299 2639 unquam
1313 2547 1516 2639 Edinburgi
1541 2551 1751 2630 eelebritete,
1774 2572 1897 2639 quem·

560 2714 615 2781 vis
639 2712 862 2810 prohibente!
874 2720 1093 2803 tempestate,
1109 2714 1319 2784 decoratum:
1345 2711 1549 2782 Tui-metim
1575 2715 1670 2782 enim
1691 2723 1766 2782 tem
1788 2715 1897 2783 subli-

560 2880 628 2949 mis
644 2901 752 2971 quum
769 2879 915 2971 plebeiae
931 2881 1037 2951 sortis
1055 2879 1216 2951 homines
1232 2880 1278 2949 sd
1295 2880 1383 2948 illud
1400 2880 1599 2948 ornandum
1617 2877 1868 2948 confluxerant.
