4530 6076
452 787 501 852 24
939 774 1054 838 VITA
1079 774 1143 838 ΕΤ
1167 774 1296 838 MORS

457 1017 807 1104 quaesoteparentem
819 1005 1224 1078 acMaecenatemzCum
1235 1031 1299 1100 pro
1309 1011 1482 1103 dignitate
1492 1012 1613 1102 quain
1626 1011 1794 1102 Republi-

458 1177 628 1257 caclares,
642 1195 683 1244 ac
695 1173 826 1244 illustri
842 1195 989 1245 munere
1005 1197 1076 1267 quo
1093 1176 1243 1259 ornaris,
1258 1173 1427 1245 Ecclesiae
1445 1199 1547 1269 opem
1566 1176 1658 1248 ferre
1669 1181 1799 1259 valeas,

457 1363 501 1413 ne
513 1363 636 1433 quaeso
646 1363 723 1412 eam
737 1340 917 1424 subtrahe,
928 1343 967 1412 in
978 1343 1054 1437 ejus
1067 1343 1272 1432 praesidium
1283 1351 1382 1412 artus
1395 1363 1435 1412 ac
1447 1343 1538 1412 vires
1549 1351 1629 1412 tuas
1646 1343 1800 1425 intende,

460 1531 525 1579 nee
540 1509 683 1577 interim
696 1509 791 1577 salus
808 1516 872 1578 tua
883 1530 966 1599 quae
982 1517 1036 1577 est
1048 1509 1087 1577 in
1103 1506 1248 1579 Christo
1259 1509 1440 1579 memoriae
1457 1509 1606 1589 excidat,
1620 1510 1800 1579 mundana

455 1674 533 1745 haec
549 1673 670 1743 omnia
681 1670 779 1741 fluxa
795 1681 890 1753 sunt,
902 1692 1056 1763 moxque
1068 1673 1281 1744 marescant.
1317 1674 1415 1745 Deus
1426 1683 1473 1758 te,
1487 1685 1587 1746 tuam
1597 1675 1795 1768 conjugem,

456 1840 660 1910 universam
670 1837 843 1908 familiam
856 1837 1109 1909 benedictionis
1122 1861 1196 1910 suae
1210 1840 1377 1913 thesauro
1390 1845 1556 1913 cumulet.
1586 1841 1796 1912 Eademilla

456 2014 558 2076 nocte
574 2006 652 2076 haec
668 2004 776 2077 verba
792 2005 961 2076 excidisse
978 2008 1011 2075 ei
1027 2004 1254 2077 observatum
1272 2032 1280 2076 ι
1307 2007 1518 2099 Tranquillo
1536 2008 1625 2078 mibi
1642 2028 1741 2076 mens
1758 2008 1796 2075 in

456 2194 601 2264 corpore
620 2193 729 2265 aegro,
748 2174 885 2254 mortis,
905 2175 1049 2264 peccati,
1066 2181 1102 2242 et
1121 2171 1263 2244 Satanae
1288 2183 1387 2244 metu
1411 2196 1484 2243 non
1509 2196 1632 2268 angor,
1656 2173 1796 2242 nullum

456 2339 526 2408 illis
547 2339 586 2407 in
609 2359 667 2407 me
691 2338 892 2428 imperium,
919 2340 969 2409 sic
993 2348 1113 2409 tamen
1137 2340 1252 2411 morbi
1276 2342 1431 2432 pondere
1455 2362 1607 2431 premor,
1631 2348 1673 2410 ut
1692 2341 1797 2433 longe

456 2513 588 2595 praeter
603 2525 703 2595 spem
719 2502 758 2571 in
773 2501 865 2570 hanc
881 2501 1007 2572 horam
1031 2507 1216 2596 supersim.
1268 2503 1332 2574 Ille
1349 2507 1451 2595 quasi
1474 2508 1513 2575 in
1540 2509 1710 2578 mortario
1727 2507 1798 2597 pis·

456 2670 533 2742 tillo
549 2669 773 2766 agritudinis
791 2690 847 2738 me
859 2669 991 2751 tundit,
1008 2678 1050 2739 ut
1066 2669 1111 2737 ad
1127 2689 1279 2762 regnum
1295 2690 1401 2739 suum
1418 2669 1556 2739 formet

506 2836 575 2908 Die
606 2836 836 2908 hebdomadae
869 2836 1033 2916 secumdo,
1066 2834 1219 2915 mirum,
1246 2834 1375 2923 inquit,
1410 2834 1522 2903 videri
1555 2842 1682 2924 potest,
1716 2855 1796 2903 cum

457 3013 531 3074 tam
557 3002 681 3073 acerbe
706 3003 829 3074 morbo
853 3024 995 3094 coquar,
1028 3000 1124 3092 quod
1151 3001 1191 3071 in
1217 3008 1358 3071 tantum
1392 3006 1571 3091 protracta
1604 3001 1680 3070 vita
1707 3022 1797 3081 mea,

458 3190 582 3238 verum
615 3188 679 3258 per
712 3168 932 3258 patientiam,
973 3167 1108 3237 domini
1142 3166 1399 3257 beneplacitum
1436 3166 1677 3257 praestolabor,
1715 3189 1796 3238 con·

456 3334 595 3417 nivebo,
619 3332 824 3415 connivebo,
848 3341 932 3426 agat
956 3332 1015 3402 ille
1039 3352 1178 3402 mecum
1200 3354 1266 3423 pro
1290 3333 1402 3415 libito,
1427 3356 1499 3404 non
1521 3336 1691 3405 disseram
1714 3356 1796 3404 cum

458 3525 509 3572 eo.
561 3501 657 3581 Quid
674 3509 728 3570 est
744 3499 851 3570 homo
872 3500 935 3591 qui
957 3521 1038 3570 cum
1062 3496 1140 3567 Deo
1163 3494 1406 3591 argumentari
1429 3499 1581 3570 audeat:
1606 3502 1689 3579 imo,
1709 3500 1793 3569 siin

457 3687 578 3736 orcum
595 3666 809 3747 detruderet,
825 3666 1020 3756 parendum
1038 3687 1110 3735 non
1127 3665 1416 3754 responsandum.
1459 3661 1620 3732 Gratiam
1636 3661 1693 3731 fac
1705 3661 1793 3730 mihi

458 3832 611 3903 Domine
627 3839 773 3921 propter
789 3829 972 3901 Christum
989 3832 1127 3900 lesum:
1151 3851 1224 3900 non
1246 3828 1412 3898 erubesco
1434 3826 1591 3918 profiteri
1609 3850 1793 3918 nunquam

459 4008 667 4090 provectum
691 4018 749 4067 me
778 3997 824 4066 ad
850 4005 924 4066 tam
949 3996 1100 4067 sublime
1124 3997 1263 4066 notitiae
1292 3993 1360 4064 Dei
1384 3993 1569 4088 fastigium
1593 4017 1702 4085 quam
1726 3995 1793 4065 hoc

460 4166 584 4236 morbo
600 4165 716 4260 attigi.
767 4163 926 4256 Oquam
941 4163 1158 4234 horrendum
1181 4163 1219 4232 in
1240 4183 1366 4231 manus
1388 4160 1534 4231 Domini
1551 4162 1714 4239 incidere,
1731 4160 1791 4228 sed

465 4332 619 4420 reposita
645 4332 734 4402 mibi
761 4331 1000 4401 misericordia
1025 4331 1065 4398 in
1093 4328 1247 4399 Christo.
1297 4327 1394 4409 Quid
1420 4326 1639 4398 contristaris
1672 4325 1793 4395 anima

467 4517 558 4578 mea,
574 4494 659 4587 quid
677 4506 713 4565 te
729 4495 849 4589 dejicis
866 4494 905 4565 in
920 4516 988 4577 me,
1005 4493 1169 4567 obveniet
1185 4491 1250 4565 tibi
1267 4514 1350 4563 mox
1363 4501 1525 4582 aspectus
1537 4499 1573 4559 et
1584 4511 1792 4583 congressus
