4530 6076
435 756 481 827 η
930 749 1048 813 νιΤΑ
1068 751 1133 815 nu
1157 750 1287 816 Mons

432 1005 578 1059 sautum
595 981 691 1051 enim
708 1001 772 1050 cur
790 1000 863 1050 non
883 982 1066 1069 appellem,
1083 989 1119 1051 et
1134 966 1600 1076 quidempretiosissimum,
1616 982 1773 1056 illosbo-

431 1144 580 1214 uorandi
593 1141 733 1213 numme
748 1139 881 1223 fratris,
897 1140 943 1210 D.
956 1141 1155 1222 Ronuoci,
1172 1163 1252 1211 eum
1263 1142 1301 1211 in
1311 1141 1510 1233 Epistolam
1523 1145 1568 1214 ad
1581 1144 1774 1231 Romanos,

433 1317 512 1379 tum
525 1289 567 1375 'in
584 1305 784 1399 Epistolam
802 1305 848 1374 ad
864 1303 1051 1395 Ephesios,
1074 1314 1264 1396 utramque
1286 1305 1381 1379 inter
1404 1302 1628 1396 Apostoliccs
1650 1331 1773 1382 omnes

434 1469 756 1552 celebratissimum,
774 1466 1074 1539 commentarios?
1107 1467 1165 1538 Sic
1187 1469 1283 1539 enim
1299 1490 1366 1562 ego
1382 1467 1526 1560 quidem
1550 1466 1594 1537 de
1613 1469 1657 1538 iis
1678 1472 1774 1560 apud

349 1713 359 1733 .
436 1656 493 1714 me
509 1642 639 1714 statuo,
658 1627 768 1722 (quod
783 1630 915 1721 absque
931 1630 1006 1700 ulla
1021 1631 1134 1720 specie
1151 1631 1364 1702 adulationis
1377 1631 1665 1723 dictum.velim,)
1682 1631 1774 1702 nihil

358 1798 367 1817 ⁹
434 1795 549 1871 adhuc
565 1794 691 1887 legisse
707 1814 765 1864 me
780 1793 820 1863 in
835 1792 902 1863 hoc
919 1792 1219 1882 interpretationis
1235 1815 1375 1887 genere,
1392 1793 1535 1864 brevius
1552 1794 1772 1878 simul,:cum

434 1958 640 2052 elegantius,
658 1965 736 2027 tum
749 1956 970 2050 judiciosius,
987 1956 1170 2047 scriptum,
1184 1963 1228 2026 ut
1244 1957 1320 2046 ipse
1340 1978 1397 2026 me
1413 1956 1458 2027 iis
1473 1957 1646 2050 inspectis
1663 1961 1774 2032 conti-

433 2143 517 2192 nere
533 2121 773 2212 nequiverem,
795 2141 860 2190 nec
879 2121 987 2190 etiam
1009 2119 1135 2209 opinor
1152 2117 1345 2202 debuerim,
1369 2119 1458 2212 quin
1482 2128 1519 2192 ot
1538 2119 1626 2203 Deo,
1643 2123 1687 2192 de
1706 2122 1774 2193 hoc

438 2286 628 2366 utilissimo
644 2285 767 2376 procul
777 2283 885 2354 dubio
901 2305 1009 2375 quam
1028 2284 1191 2373 plurimis
1207 2282 1331 2355 futtuo
1343 2283 1463 2355 labore
1478 2284 1612 2378 gratias
1624 2307 1773 2381 magnas

433 2468 585 2540 agerem,
595 2452 782 2515 ettantum
793 2442 970 2514 hocvobis
982 2443 1116 2514 bonum
1126 2443 1552 2534 veltotipotiusEcelesiae
1562 2451 1772 2540 gramma

432 2609 551 2682 Deum
567 2615 730 2699 precatus
746 2614 789 2676 ut
805 2605 900 2676 hunc
916 2605 1096 2675 hominem
1112 2605 1215 2676 novis
1225 2602 1377 2675 subinde
1394 2606 1495 2675 donis
1508 2615 1653 2677 auctum
1664 2608 1774 2680 felici·

433 2780 488 2846 ter
504 2778 698 2851 conservet,
714 2768 782 2839 hoc
797 2768 996 2859 praesertim
1008 2775 1178 2857 tempore,
1193 2767 1233 2839 in
1249 2788 1320 2858 quo
1336 2776 1481 2858 propter
1496 2776 1634 2839 tantam
1651 2792 1773 2862 opera-

436 2937 571 3009 riorum
588 2935 628 3005 in
647 2933 842 3032 ‘excolenda
863 2931 932 3002 Dei
957 2930 1070 3001 nostri
1087 2932 1192 3002 vinea
1214 2930 1410 3013 raritatem,
1432 2939 1468 3001 et
1490 2931 1711 3022 paucissimis
1727 2956 1773 3004 cx

435 3098 612 3181 ueteranis
629 3096 699 3171 illis
716 3095 1015 3167 exercitatissimis
1032 3096 1238 3186 superstites
1255 3093 1477 3186 triumphare
1488 3095 1566 3189 jam
1578 3095 1699 3168 sibide
1711 3119 1774 3189 op-

313 3229 315 3233 .
433 3281 554 3352 pressa
570 3259 720 3329 veritate
737 3256 848 3328 Satan
861 3279 941 3327 cum
958 3258 1032 3327 suis
1049 3257 1266 3331 videbatur.''·
1316 3255 1407 3328 Haec
1420 3257 1549 3331 Brun.
1640 3287 1642 3293 ¹

481 3423 620 3495 Sensim
632 3431 752 3493 autem
765 3419 925 3498 omnium
938 3420 1109 3512 cujusque
1121 3421 1255 3494 ordinis
1265 3420 1394 3512 quibus
1404 3423 1619 3504 innotuerat,
1634 3427 1772 3496 animos

433 3589 490 3664 sui
499 3607 618 3656 amore
630 3586 842 3675 repleverat:
858 3591 1003 3676 gratum
1011 3581 1227 3672 chammque
1233 3581 1340 3675 juxta
1350 3583 1513 3653 omnibus
1525 3560 1680 3653 reddidit
1692 3603 1773 3653 can·

433 3753 498 3822 dor
515 3748 660 3840 quidam
682 3747 721 3832 in
736 3744 842 3816 rebus
859 3744 1021 3839 gerendis
1038 3744 1226 3838 genuinus,
1243 3744 1462 3839 insignisque
1478 3743 1673 3828 humilitas,
1690 3767 1772 3837 quse

434 3932 603 4014 tanquam
615 3939 662 3988 ex
678 3918 751 3987 alto
772 3915 903 3984 eximia
918 3913 958 3982 in
974 3934 1015 3982 eo
1038 3913 1131 3981 dona
1146 3911 1386 3981 illuminavit:
1415 3910 1580 4002 quamvis
1601 3911 1702 3981 enim
1713 3909 1772 3979 ille

433 4080 779 4177 praeclaris'dotibus
800 4077 966 4150 Pastoroe
988 4075 1142 4168 reliquos
1167 4075 1453 4166 superemineret,
1469 4095 1544 4145 sese
1559 4082 1685 4153 tamen-
1708 4090 1773 4145 suo

433 4267 541 4315 censu
557 4244 651 4315 infra
663 4267 785 4316 omnes
800 4243 952 4314 demisit.
986 4237 1120 4311 Animo
1136 4240 1279 4332 quidem
1292 4237 1405 4311 fixum
1415 4234 1586 4308 condebat
1597 4234 1717 4311 latere,
1729 4238 1772 4300 ut

436 4429 505 4500 que
522 4404 667 4475 liberius
683 4405 810 4474 studiis
820 4405 998 4474 dicaretur
1013 4411 1124 4474 semet
1140 4403 1268 4473 abdere
1278 4423 1323 4471 ne
1340 4400 1435 4470 curis
1451 4391 1601 4488 publicis
1613 4392 1772 4484 implica·
