4590 6024
858 808 1073 874 ROBERTI
1097 807 1314 873 ROLLOCI.
1714 804 1761 870 58

408 1064 577 1127 cenatem.
628 1053 722 1124 Cum
737 1075 803 1144 pro
820 1056 956 1124 excelsa
972 1056 1148 1149 dignitate
1165 1076 1238 1146 qua
1253 1055 1292 1124 in
1315 1052 1496 1144 republica
1518 1052 1701 1142 praecellis,
1718 1060 1755 1120 et

410 1221 627 1312 amplissimo
644 1240 791 1288 munere
803 1241 875 1310 quo
891 1229 927 1290 te
943 1220 1135 1290 honoravit
1149 1220 1259 1301 Deus,
1273 1218 1443 1289 Ecclesiae
1453 1239 1557 1309 opem
1569 1215 1663 1286 ferre
1676 1238 1756 1306 pos-

411 1389 471 1468 sis,
488 1408 543 1467 ue,
559 1406 692 1476 quaeso,
709 1407 788 1454 eam
805 1384 994 1456 subtrahe:
1012 1388 1052 1456 in
1068 1387 1145 1479 ejus
1163 1387 1368 1477 praesidium
1385 1395 1486 1455 artus
1503 1408 1544 1455 ac
1561 1387 1656 1455 vires
1673 1396 1754 1455 tuas

411 1549 565 1630 intende,
590 1570 731 1618 summo
756 1556 886 1619 conatu
908 1551 947 1619 in
968 1550 1005 1619 id
1031 1551 1206 1633 incumbe,
1233 1561 1274 1620 ut
1299 1552 1450 1621 salutem
1475 1549 1700 1640 consequaris
1717 1549 1756 1616 in

413 1712 558 1782 Christo
574 1710 599 1780 J
599 1731 685 1781 esu:
703 1713 885 1782 mundana
900 1711 978 1782 haec
995 1714 1116 1782 omnia
1131 1713 1230 1783 fluxa
1254 1724 1350 1795 sunt,
1368 1734 1522 1803 moxque
1544 1711 1756 1781 flaccessent.

414 1876 513 1946 Deus
530 1826 578 1957 te,¹
593 1884 694 1945 tuam
711 1875 911 1969 conjugem,
923 1877 1128 1946 universam
1141 1877 1315 1946 familiam
1328 1876 1581 1946 benedictionis
1594 1897 1670 1944 suae
1683 1874 1775 1943 the·-

414 2063 521 2111 seuro
531 2040 718 2110 cumulet”
749 2037 887 2109 Eadem
897 2040 958 2108 illa
968 2049 1070 2108 nocte
1078 2038 1143 2108 has
1153 2061 1254 2109 voces
1264 2040 1402 2108 emisitt
1419 2045 1441 2077 ‘⁶
1450 2037 1663 2128 Tranquillo
1670 2036 1759 2106 mihi

416 2224 516 2272 mens
532 2204 571 2273 in
587 2221 733 2292 corpore
750 2220 873 2295 aegroz
898 2203 1036 2284 mortis,
1053 2205 1186 2293 peccati
1204 2211 1240 2271 et
1263 2201 1407 2271 Sateuae
1424 2210 1523 2271 metu
1539 2223 1611 2272 non
1636 2223 1760 2294 angor,

417 2367 556 2436 nullum
574 2366 644 2435 illis
661 2365 700 2435 in
717 2386 774 2433 me
791 2365 1003 2455 imperium:
1029 2368 1079 2436 sic
1096 2374 1217 2436 tamen
1234 2367 1348 2436 morbi
1371 2366 1526 2457 pondere
1549 2387 1704 2457 premor,
1722 2375 1763 2435 ut

418 2529 525 2622 longe
541 2536 669 2619 praeter
681 2548 780 2617 spem
793 2529 832 2597 in
849 2528 941 2598 hanc
952 2528 1078 2599 horam
1091 2532 1279 2620 supersim.
1315 2529 1491 2599 Dominus
1504 2530 1607 2621 quasi
1620 2529 1659 2598 in
1671 2549 1765 2598 mor-

418 2693 511 2760 tario
521 2691 655 2780 pistillo
667 2690 892 2783 aegritudinis
902 2712 960 2760 me
971 2693 1104 2775 tundit,
1117 2701 1159 2763 ut
1169 2693 1376 2786 adregnum
1392 2714 1498 2762 suum
1512 2691 1673 2762 formet.’'
1698 2692 1767 2762 Oc·

419 2862 505 2922 tavo
518 2848 604 2921 Idus
618 2850 817 2933 Februarii,
834 2858 856 2891 “
867 2853 1016 2934 Mirum,
1033 2854 1161 2944 inquit,
1179 2855 1292 2924 videri
1306 2862 1433 2945 potest,
1450 2876 1532 2923 cum
1549 2862 1625 2924 tem
1642 2854 1766 2924 acerbe

421 3016 544 3086 morbo
560 3017 762 3096 discruciet,
780 3017 919 3086 tamdiu
935 3017 1095 3108 protrahi
1113 3019 1226 3088 vitem
1244 3041 1359 3089 meam
1374 3041 1385 3102 3
1404 3015 1532 3089 verbm
1549 3041 1614 3110 per
1630 3021 1768 3110 patieu-

422 3178 511 3247 tiam
524 3175 670 3247 Domini
683 3177 941 3268 beneplacitum
955 3180 1209 3270 praestolabor3
1228 3182 1433 3264 connivebo,
1451 3183 1666 3267 connivebo;
1684 3191 1784 3277 agab

423 3343 483 3411 ille
496 3362 633 3411 mecum
651 3364 717 3433 pro
734 3341 846 3424 libito,
863 3364 936 3414 non
949 3345 1119 3415 disseram
1136 3368 1215 3416 cum
1235 3369 1286 3417 eo.
1322 3347 1420 3428 Quid
1436 3358 1491 3418 cst
1506 3348 1614 3419 homo
1633 3356 1673 3418 ut
1689 3370 1771 3417 cum

424 3505 502 3576 Deo
518 3507 902 3598 disceptareaudeat?
955 3506 1036 3578 lmb
1058 3510 1089 3578 si
1112 3511 1151 3580 in
1175 3496 1298 3609 orcum
1322 3512 1538 3595 detruderet,
1562 3513 1771 3601 parendum,

424 3693 497 3742 non
509 3673 800 3763 responsandum.
826 3671 989 3743 Gratiam
1001 3673 1058 3745 fec
1067 3675 1168 3757 mihi,
1179 3675 1343 3759 Domine,
1357 3685 1501 3768 propter
1514 3676 1699 3749 Christum
1714 3676 1739 3746 J
1739 3698 1774 3746 e·

425 3855 516 3902 sum.
553 3833 637 3904 Non
654 3835 821 3906 erubesco
837 3836 996 3907 confiteri
1014 3860 1198 3931 nunquam
1216 3864 1273 3910 me
1290 3850 1366 3911 tam
1382 3841 1533 3912 sublime
1550 3840 1689 3910 notitiae
1702 3837 1772 3908 Dei

424 3993 610 4089 fastigium
632 4001 793 4091 attigisse
809 3999 918 4090 quam
941 4000 1007 4070 hoc
1024 4002 1158 4073 morbo.
1209 4004 1244 4073 O
1268 4028 1376 4096 quam
1400 4005 1618 4075 horrendum
1642 4004 1680 4073 in
1698 4025 1773 4073 ma-

427 4178 495 4227 nus
508 4156 657 4229 Domini
673 4160 827 4232 incidere
845 4161 852 4230 !
874 4164 937 4232 sed
952 4166 1109 4256 reposita
1125 4174 1179 4236 est
1196 4166 1285 4236 mihi
1302 4167 1544 4238 misericordia
1561 4171 1600 4237 in
1617 4168 1771 4238 Christo.

426 4321 524 4404 Quid
540 4323 773 4406 contristaris,
790 4326 910 4395 anima
926 4327 1033 4398 mea?
1085 4331 1190 4412 Quid
1203 4340 1239 4400 te
1256 4331 1377 4424 dejicis
1387 4333 1433 4402 'in
1456 4333 1545 4402 me?
1578 4333 1773 4430 'Obveniet

428 4485 493 4557 tibi
502 4508 587 4558 mox
595 4497 757 4580 aspectus
766 4496 802 4559 et
812 4510 1021 4584 congressus
1031 4496 1322 4567 amoenissimus.”
1351 4491 1447 4568 Cum
1459 4494 1775 4591 advesperasceret,
