4590 6024
484 787 529 847 u
943 784 1065 849 VITA
1084 783 1150 848 ΕΤ
1172 783 1353 849 OBITUS

485 1018 741 1089 mandaretur:
756 1014 817 1086 Ex
832 1015 891 1086 his
907 1015 1076 1087 Rollorm
1091 1039 1209 1088 unus:
1226 1016 1358 1088 horum
1373 1039 1506 1090 munus
1521 1019 1694 1112 temporis
1714 1026 1830 1114 spatio

484 1194 520 1251 et
539 1180 856 1251 administrationis
877 1180 982 1250 modo
1003 1202 1046 1250 ac
1063 1181 1201 1251 ratione
1224 1181 1530 1272 circumscriptum
1550 1192 1616 1265 est,
1632 1184 1829 1256 decretum.

483 1367 553 1438 que
570 1353 612 1416 ut
629 1341 787 1414 defuncti
803 1343 962 1413 munais
978 1343 1153 1414 rationem
1169 1343 1344 1434 proximae
1360 1342 1561 1436 insequenti
1584 1343 1729 1437 Synodo
1750 1350 1829 1419 red·

480 1510 614 1580 derent
643 1506 695 1578 Hi
711 1506 907 1578 Ecclesiam
923 1508 1096 1590 tumultu,
1107 1506 1151 1577 de
1163 1528 1235 1599 quo
1244 1506 1381 1578 dictum
1396 1515 1462 1590 est,
1477 1509 1607 1581 misere
1622 1522 1827 1602 quassatam

480 1673 632 1745 maturis
648 1670 804 1742 oonsiliis
820 1677 857 1740 et
872 1677 1018 1779 perpete
1034 1669 1222 1752 industris,
1238 1668 1391 1752 reticere,
1406 1671 1610 1763 sensimque
1626 1680 1827 1745 miserm

478 1838 701 1908 adnituntur.
1070 1914 1074 1921 ,

526 2000 637 2073 Anno
656 2003 766 2083 1598,
788 1999 971 2092 praecipite
987 1999 1103 2070 hieme
1120 1998 1366 2070 vehementius
1387 2001 1494 2070 solito
1515 2000 1641 2072 morbo
1662 2003 1827 2098 ingrave-

477 2173 596 2237 scente
613 2164 710 2236 domi
726 2184 765 2233 se
781 2163 1011 2234 eonelruerat.
1060 2159 1314 2231 ocerannus
1332 2155 1501 2244 Scoros,
1518 2185 1662 2234 summa
1676 2167 1826 2236 nemaei.

369 2361 374 2373 ·
476 2329 601 2400 tudine
617 2329 650 2398 ei
669 2325 993 2421 oonjunctiseimus,
1009 2323 1163 2395 oonsulit
1179 2323 1218 2394 in
1229 2323 1377 2395 domum
1389 2346 1493 2395 sunm
1509 2327 1690 2410 mansuer,
1705 2350 1823 2400 aerem

473 2488 1135 2579 serenioremacliberioremoerperet,
1150 2486 1433 2572 uthncratione,
1450 2488 1570 2562 aifieri
1584 2495 1823 2582 possetvnle·

475 2653 636 2723 tudinem
647 2658 894 2742 recuperaret:
910 2650 970 2719 ille
986 2649 1134 2719 oonsilio
1149 2648 1369 2741 obsequitur,
1379 2652 1591 2743 mansitque.
1617 2652 1728 2726 Initio
1743 2658 1823 2747 qui·

471 2815 552 2886 dem
577 2820 659 2906 post
684 2811 937 2906 migrationem
961 2810 1069 2902 eoepit
1094 2811 1299 2882 meliuscule
1324 2814 1454 2896 velere,
1478 2833 1603 2884 verum
1633 2815 1820 2887 confatim

472 2979 654 3076 geminata
673 2974 790 3048 morbi
806 2975 863 3046 vis
878 2976 970 3046 lecto
985 2995 1068 3045 eum
1085 2973 1208 3046 affixit.
1259 2973 1326 3046 llle
1342 2997 1425 3047 eum
1441 2977 1591 3068 spiritrrs
1606 2978 1818 3071 linquentes,

472 3160 617 3234 seseque
634 3139 674 3210 in
689 3135 841 3209 confinio
855 3137 982 3209 mortis
998 3137 1121 3219 sensit,
1136 3137 1269 3208 ooelesti
1278 3138 1411 3233 gaudio
1426 3139 1605 3232 perfusus,
1620 3142 1766 3215 mellitis
1780 3153 1818 3214 et

471 3301 579 3400 plane
594 3303 727 3374 divinis
743 3299 965 3374 sermonibus
977 3300 1140 3371 omnium
1151 3301 1215 3392 qui
1230 3301 1430 3374 inviserant
1446 3304 1585 3376 animos
1600 3304 1741 3400 ingenti
1755 3309 1819 3380 lee-

469 3470 551 3541 titis
562 3467 680 3538 affecit
689 3487 702 3551 ς
718 3486 845 3537 rerum
856 3463 1021 3536 laetitiam
1032 3463 1306 3555 interpellabant
1317 3462 1454 3535 obortae
1470 3465 1635 3537 omuibus
1652 3469 1818 3561 lacryma

468 3652 550 3703 cum
570 3630 790 3723 pensitarent
814 3636 957 3698 tantum
976 3627 1098 3698 virum
1121 3627 1283 3697 noudum
1306 3634 1452 3697 matura
1474 3635 1583 3698 aetate
1607 3629 1816 3720 praeripien-

468 3798 568 3879 dum,
584 3791 814 3865 adimendum
830 3787 1001 3861 Ecclesiae
1017 3797 1214 3881 parentem,
1232 3787 1453 3881 Reipubliooe
1469 3789 1625 3859 salutare
1641 3791 1815 3875 columen,

466 3958 645 4032 neminem
667 3975 850 4049 superesse
864 3954 929 4045 qui
948 3951 1072 4023 turbas
1093 3951 1133 4022 in
1155 3948 1317 4023 Ecclesia
1337 3959 1536 4043 componat,
1563 3951 1699 4024 offenso
1713 3951 1814 4046 prin.

465 4124 535 4215 cipi
551 4069 646 4194 eve
661 4119 873 4200 resuere,
888 4115 1085 4186 umerum
1101 4115 1141 4186 u
1157 4115 1312 4209 gratiam
1327 4134 1409 4185 eum
1425 4135 1469 4185 ω
1483 4113 1641 4186 eruet„
1674 4113 1740 4186 1110
1755 4137 1812 4188 so

467 4294 532 4363 lita
547 4291 738 4384 prudentia
751 4310 809 4360 res
825 4288 1036 4360 domesticas
1052 4285 1208 4393 digerit:
1234 4284 1362 4355 deinde
1377 4306 1527 4357 uxorem
1547 4289 1629 4375 post
1645 4282 1812 4354 sterilita-
1856 4388 1859 4393 ‚

464 4466 538 4529 tem
559 4452 724 4524 undeeim
744 4471 922 4522 annorum
943 4459 1087 4522 uterum
1085 4406 1277 4557 liuentem
1298 4468 1394 4525 curse
1411 4446 1618 4526 amicorum,
1633 4444 1810 4535 imprimis
