4530 6076
990 817 1204 883 ROBERTI
1227 817 1448 884 ROLLOCI.
1781 825 1829 892 56

477 1077 562 1140 aus;
580 1063 603 1097 “
615 1057 703 1130 Istae
719 1060 827 1129 etiam
843 1077 982 1138 manus,
998 1056 1128 1147 inquit,
1144 1056 1277 1127 illustri
1293 1056 1410 1149 gloria
1424 1054 1643 1150 fulgebunt?
1681 1051 1827 1126 Exinde

474 1242 590 1291 sermo
615 1222 648 1291 ei
670 1173 878 1290 submissior
898 1226 936 1289 et
955 1221 1179 1300 contractior,
1196 1218 1306 1289 verba
1321 1227 1443 1289 tamen
1460 1217 1570 1290 fortia
1595 1240 1636 1290 ac
1661 1219 1823 1302 efficacia,

474 1359 646 1478 gaudium
663 1385 802 1454 ooeleste
819 1382 992 1475 spirantia
1008 1403 1050 1453 ac
1066 1383 1272 1465 redolentia,
1289 1404 1368 1473 qua
1384 1381 1544 1474 placidus
1562 1403 1710 1474 somnus
1726 1404 1826 1454 exoa-

471 1547 537 1639 pit,
549 1548 613 1639 qui
623 1568 705 1618 cum
714 1546 923 1638 aliquandiu
933 1567 1015 1615 eum
1026 1546 1279 1637 occupavisset,
1288 1545 1426 1637 placida
1438 1566 1479 1615 ac
1492 1545 1651 1616 suaviter
1659 1543 1821 1616 Creatori

472 1732 514 1782 ac
529 1711 760 1802 Redemptori
777 1731 843 1781 suo
859 1709 1017 1780 animam
1034 1710 1267 1780 commendat.
1311 1709 1363 1779 Et
1374 1711 1539 1801 quamvis
1552 1710 1742 1792 extinctus,
1758 1733 1821 1781 no-

470 1882 526 1943 tas
552 1881 672 1944 tamen
691 1874 764 1944 oris
789 1875 905 1965 pallor
929 1895 1002 1944 non
1023 1872 1274 1955 confundebat,
1296 1873 1424 1944 verdm
1449 1883 1648 1966 temperato
1664 1875 1820 1965 quodam

470 2036 599 2108 rubore
615 2036 906 2129 perfundebatur.
946 2035 1048 2106 Obiit
1064 2045 1166 2107 sexto
1184 2034 1271 2106 Idus
1288 2036 1476 2107 Februarii
1495 2039 1605 2119 1598,
1621 2037 1734 2108 veteri
1751 2039 1820 2107 cal·

469 2201 549 2270 culo
566 2196 643 2290 (qui
662 2208 741 2269 tum
757 2196 796 2268 in
811 2200 897 2291 usu)
915 2199 1056 2290 expleto
1075 2200 1154 2292 jam
1171 2200 1289 2270 aetatis
1306 2221 1383 2270 suae
1399 2197 1510 2270 Anno
1529 2202 1589 2270 43.
1637 2197 1732 2269 Erat
1747 2207 1819 2270 sta-

470 2372 553 2433 tura
568 2362 748 2444 mediocri,
764 2363 881 2433 colora
897 2361 1026 2433 rubido
1042 2363 1101 2433 cui
1113 2363 1245 2434 candor
1255 2364 1401 2454 quidam
1418 2363 1606 2445 admistus,
1622 2384 1724 2434 coma
1735 2362 1818 2434 sub·

467 2524 559 2606 rufa,
585 2527 690 2596 vultu
714 2525 760 2595 ad
782 2526 986 2597 comitatem
1011 2527 1299 2620 gravitatemque
1315 2527 1450 2617 pariter
1465 2526 1591 2609 facto3
1612 2527 1817 2598 valetudine

466 2711 594 2783 parum
611 2689 725 2774 firma,
742 2713 851 2784 quam
867 2692 1002 2762 mirum
1019 2703 1097 2762 erat
1112 2691 1160 2761 ad
1181 2699 1302 2762 tantos
1318 2691 1456 2762 labores
1473 2689 1632 2762 sufficere
1647 2656 1818 2782 potuisse,

466 2856 640 2951 singulari
663 2857 806 2947 pietate,
828 2855 1073 2937 sanctimonia,
1090 2855 1174 2926 vitoe
1197 2855 1410 2937 innocentia,
1427 2875 1536 2945 quarn
1551 2855 1611 2924 vel
1629 2854 1737 2925 inviti
1754 2851 1816 2924 ad·

466 3017 691 3089 mirabantur
707 3030 745 3089 et
759 3017 955 3089 laudabant
971 3017 1040 3107 ipsi
1056 3016 1220 3087 veritatis
1236 3016 1366 3086 hostes.
1392 3015 1438 3086 In
1451 3017 1635 3088 vocatione
1650 3037 1718 3087 sua
1732 3017 1817 3089 fide·

464 3181 621 3252 lissimus
638 3188 674 3250 et
690 3179 999 3274 vigilantissimus,
1012 3178 1176 3248 assiduus
1192 3177 1232 3247 in
1248 3177 1378 3249 studiis
1394 3185 1431 3248 et
1448 3179 1752 3263 meditationibus,
1770 3179 1817 3251 ab

464 3344 538 3415 otio
555 3342 665 3434 supra
675 3343 785 3435 quam
797 3341 902 3413 facile
918 3341 1039 3411 credas
1052 3339 1270 3413 abhorrens:
1286 3339 1393 3410 fidem
1406 3355 1528 3411 tamen
1537 3339 1653 3412 facere
1662 3351 1814 3433 possunt

464 3517 611 3579 tottam
628 3509 750 3600 paucis
768 3506 872 3579 annis
890 3502 1013 3594 (etiam
1030 3526 1176 3598 corpore
1196 3503 1330 3577 morbis
1346 3514 1383 3576 et
1400 3503 1673 3600 egritudinibus
1690 3506 1814 3578 debili·

463 3676 554 3765 tato)
571 3673 658 3744 editi
674 3672 721 3743 ab
740 3693 782 3742 eo
798 3672 893 3743 docti
915 3678 952 3741 et
972 3672 1151 3766 elegantes
1174 3671 1430 3742 commentarii.
1481 3669 1585 3742 Pacis
1610 3672 1812 3744 amantissi-

328 3938 332 3942 .
462 3857 554 3916 mus,
571 3837 786 3928 injuriarum
802 3834 1096 3926 patientissimus,
1109 3835 1156 3903 ad
1171 3834 1444 3905 condonandum
1459 3831 1662 3906 facillimus.
1697 3832 1743 3904 In
1760 3833 1810 3903 fe·

460 3999 570 4070 reuda
589 3999 634 4068 de
658 4000 810 4069 aliorum
831 3999 909 4070 vita
928 3998 1032 4068 dictis
1057 3995 1206 4066 factisre
1228 3996 1405 4067 sententia
1424 4017 1597 4087 perquam
1622 4017 1745 4089 aquus
1766 4018 1808 4068 ac

458 4164 662 4234 moderatus
676 4179 686 4230 r
703 4160 810 4232 Senis
826 4160 872 4231 ab
889 4160 969 4231 aliis
985 4160 1125 4251 prolata
1139 4159 1342 4251 prastitare
1354 4178 1494 4250 semper
1508 4155 1641 4250 (quoad
1654 4157 1732 4231 fieri
1744 4183 1807 4252 po·

457 4329 544 4422 tuit)
560 4329 599 4399 in
616 4329 798 4399 meliorem
814 4334 952 4418 partem
970 4326 1225 4416 interpretatus
1242 4332 1306 4394 est
1357 4321 1402 4394 In
1418 4326 1598 4396 communi
1615 4336 1804 4399 consuetu·

456 4497 540 4569 dine
555 4505 591 4567 et
608 4498 804 4568 amicorum
825 4493 1003 4566 consortio
1025 4492 1189 4585 apprime
1205 4492 1384 4567 humanus
1401 4514 1442 4564 ac
1454 4493 1649 4588 jucundus,
1666 4496 1705 4566 in
1721 4517 1803 4568 con·
