4530 6076
794 785 836 851 D.
862 783 1073 851 ROBERTI
1094 783 1315 852 ROLLOCI.

474 985 553 1051 Nou
568 985 614 1052 ibi
628 1008 720 1050 meus
734 984 834 1051 animi
850 997 908 1065 est,
925 987 982 1053 ubi
996 1010 1055 1051 nos
1070 987 1255 1074 animatque
1270 999 1458 1075 movetque;

517 1104 578 1169 Est
593 1105 649 1171 ubi
663 1115 769 1170 amat:
793 1105 947 1192 gravibus
962 1128 1025 1170 vox
1039 1107 1121 1171 bene
1135 1116 1213 1171 nota
1227 1106 1315 1171 viris.
1336 1156 1339 1160 r

469 1212 535 1288 ¹Vir
548 1235 704 1311 praestans
718 1224 829 1302 animi,
846 1235 878 1290 et
892 1224 1021 1310 gemino
1035 1248 1207 1290 succensus
1221 1249 1347 1291 amore:

514 1342 702 1429 Dilexitque
716 1343 837 1423 Deum,
854 1344 1075 1429 demeruitque
1088 1366 1229 1430 gregem.

472 1462 520 1526 Ut
534 1461 629 1527 vivus
643 1462 715 1527 ooeli
729 1463 829 1527 ooluit
842 1485 992 1549 suprema
1006 1463 1160 1542 Roloous,

518 1582 573 1646 Sic
587 1604 675 1646 nuno
689 1581 723 1645 iu
738 1581 873 1669 superis,
889 1581 936 1646 sic
949 1592 987 1647 ut
1001 1584 1125 1661 avebot,
1141 1583 1222 1648 erit:

472 1699 520 1766 Ut
534 1701 627 1766 vivus
642 1700 752 1765 docuit
766 1700 879 1788 lingua
892 1700 1050 1789 prudente
1064 1701 1219 1780 Rolocus,

515 1818 570 1883 Sic
584 1841 672 1884 nune
687 1818 841 1884 doetrinae
856 1821 1060 1908 perpetuabit
1074 1843 1165 1908 opus.

469 1936 592 2024 Nempe
606 1937 652 2003 ibi
666 1960 758 2002 meus
772 1937 873 2002 animi
887 1948 945 2016 est,
963 1937 1019 2002 ubi
1033 1938 1083 2002 vis
1098 1938 1230 2002 ardebat
1244 1938 1383 2012 amoris3

514 2056 553 2118 In
569 2055 693 2121 Christi
706 2078 825 2120 arcano
840 2056 1125 2142 Christiadumque
1139 2055 1225 2120 sinu.

469 2175 557 2261 Ergo
571 2174 692 2240 Rolooo
706 2175 789 2252 vale,
806 2185 838 2240 et
853 2198 950 2261 quem
964 2175 1082 2239 mentis
1096 2175 1259 2240 amoribus
1274 2175 1348 2240 altae

512 2293 647 2381 Semper
660 2293 829 2372 anhelasti,
840 2292 912 2380 jam
925 2294 1033 2360 fruere
1047 2316 1149 2382 tuque
1162 2293 1245 2361 Deo.

1126 2415 1218 2480 Han.
1233 2414 1399 2479 Duuuau
1413 2415 1435 2480 d
1448 2414 1675 2482 Brsreavenr.

465 2763 664 2828 Rouuocuu
679 2763 859 2828 extinctum
873 2764 972 2850 qudm
986 2764 1129 2849 primum
1143 2765 1279 2844 videret,
1295 2768 1371 2832 exui

508 2882 613 2947 Exulo
628 2881 769 2968 Relligio
783 2906 859 2947 eum
872 2883 990 2970 pietate
1004 2883 1093 2948 abiit.

447 3074 448 3077 Ἴ
466 3001 573 3066 Multa
585 3024 717 3086 gemens
733 3001 864 3088 Sophia,
879 3012 912 3066 et
927 3012 1030 3066 vestes
1045 3003 1114 3066 siue
1127 3001 1200 3087 lege,
1211 3024 1371 3080 coercens,

508 3119 551 3184 So
566 3118 700 3206 trepidae
715 3120 834 3184 sociam
843 3119 955 3205 junxit
966 3121 1094 3206 utrique
1109 3120 1206 3206 fuge.

462 3236 597 3303 Rollooo
612 3247 714 3303 terras
728 3238 809 3302 eoelo
824 3247 980 3316 mutante,
997 3238 1130 3303 fuerunt

506 3356 555 3420 Ut
569 3355 701 3421 comites
715 3356 802 3434 vites,
819 3357 865 3420 sic
878 3357 983 3422 abiere
997 3357 1069 3420 viae.

462 3477 550 3541 Anto
564 3486 673 3539 tamen
687 3475 869 3562 lachrymas
882 3474 994 3541 fudere
1008 3475 1043 3539 in
1058 3475 1172 3541 funere
1187 3492 1325 3555 moestas,

504 3594 549 3659 Et
563 3594 690 3660 tumulo
704 3605 808 3659 sectas
822 3594 1003 3681 imposuere
1018 3616 1136 3659 eomas.

464 3713 527 3779 Neo
537 3712 619 3800 jam,
638 3713 666 3778 si
681 3735 794 3779 verum
809 3712 1044 3801 profitebimur,
1060 3713 1188 3800 hospita
1199 3697 1302 3792 sedes,

502 3832 698 3897 Numinibus
713 3833 812 3897 tantis
827 3833 895 3897 ulla
908 3834 1022 3898 relicte
1034 3844 1154 3899 manet.

461 3949 591 4015 Scilioet
603 3951 654 4014 his
668 3952 788 4015 nostris
802 3950 837 4014 in
852 3952 989 4015 crimina
1002 3952 1153 4016 euntibus
1167 3951 1271 4028 annis,

501 4067 568 4144 Qui
582 4068 731 4155 rapidum
745 4091 877 4134 cursum
891 4070 1019 4134 sisteret
1032 4091 1118 4134 unus
1132 4087 1211 4134 erat.

458 4187 532 4253 Non
546 4187 648 4252 vitam
661 4187 754 4266 livor,
771 4210 915 4252 moresve
930 4187 1092 4253 calumnia
1105 4188 1202 4266 rodit,

501 4307 576 4384 Quo
591 4307 720 4372 dentem
734 4307 903 4372 intendant
916 4331 982 4373 non
997 4308 1136 4398 habuere
1150 4308 1267 4372 locum.

458 4426 548 4502 Quid
562 4449 682 4514 sapere,
698 4426 822 4513 etquid
838 4426 880 4491 sit
895 4425 976 4492 bend
990 4427 1108 4506 vivere,
1125 4427 1238 4493 discite
1252 4426 1364 4492 stulti:

501 4546 611 4622 Qudm
625 4547 679 4634 pie
692 4547 760 4612 vita
773 4545 847 4627 fuit,
863 4570 952 4613 mors
967 4547 1022 4636 pia
1036 4547 1127 4614 testis
1138 4547 1210 4614 orit.

1152 4665 1202 4732 M.
1217 4664 1309 4733 Tuo.
1324 4663 1495 4734 Cassius.
