4590 6024
911 744 955 810 D.
970 739 1180 813 ROBERTI
1194 739 1411 808 ROLLOCI.

845 961 998 1028 Victoriae
1014 969 1122 1026 eustos
1137 969 1275 1046 tuteque,

888 1085 953 1149 Per
967 1105 1127 1150 memores
1142 1083 1254 1148 titulos
1269 1095 1437 1169 perennat.

663 1255 669 1266 ·
800 1211 848 1274 At
862 1220 894 1274 te
908 1230 965 1295 per
980 1207 1091 1271 orbem
1105 1227 1165 1268 noa
1179 1204 1412 1270 eelebrabimua

801 1333 922 1409 Terrae,
938 1349 1092 1393 canemus
1102 1349 1162 1413 pro
1177 1325 1308 1391 modulo
1322 1325 1453 1413 ingeni3

844 1451 1016 1539 (Sublimis
1030 1451 1110 1527 haeo,
1126 1460 1290 1535 uteunque
1302 1461 1446 1516 nostram

886 1574 1041 1640 Materies
1056 1583 1186 1658 superet
1200 1572 1410 1652 Minervam.)

800 1699 874 1763 Non
889 1697 983 1762 leude
997 1696 1057 1761 fias
1072 1705 1110 1760 ut
1123 1695 1319 1761 cumulatior

800 1822 926 1887 Noatrae
942 1819 1107 1886 Camoenoe
1122 1840 1276 1895 munere;
1294 1818 1350 1883 sed
1365 1829 1422 1882 tuo

844 1945 1024 2010 Hortemur
1038 1940 1185 2028 exemplo
1199 1952 1237 2005 ut
1251 1941 1393 2005 minores

886 2066 972 2129 Vitae
987 2063 1029 2128 ad
1044 2062 1106 2128 iter
1121 2061 1265 2127 melioris
1279 2071 1420 2127 aretum.

801 2187 1081 2273 vestigiorumque
1095 2184 1223 2251 assidu&
1238 2195 1276 2250 ut
1290 2195 1440 2272 premant

797 2311 924 2376 Callum
940 2319 1081 2387 tuorum,
1101 2317 1136 2372 ut
1150 2329 1223 2393 quae
1238 2306 1310 2371 looa
1324 2306 1478 2393 possides,

843 2433 1023 2499 Laboribus
1037 2431 1183 2496 defuncti
1197 2441 1231 2494 et
1245 2428 1293 2494 illi

887 2556 1088 2632 Possideent,
1105 2553 1215 2640 requie
1230 2553 1396 2619 aeviterna-

1053 2801 1183 2865 Arrun.

887 2924 924 2987 Sr
943 2923 1051 2987 Nauta
1064 2933 1159 2986 nocte
1173 2920 1281 2985 lurida

928 3044 1046 3109 Polum
1060 3044 1176 3108 ducem
1191 3041 1375 3108 desiderans

926 3167 1052 3230 Moeret
1067 3164 1153 3251 qubd
1167 3175 1253 3230 erret
1267 3165 1395 3230 nescius

932 3289 1081 3355 Obscura
1095 3285 1159 3373 quo
1174 3309 1238 3353 nox
1254 3288 1396 3362 deferat3

885 3410 983 3489 Quod
997 3412 1127 3476 horreat
1139 3411 1275 3477 latentia

926 3535 989 3600 Vel
1003 3557 1089 3613 saxa,
1105 3557 1192 3600 ooeoa
1204 3535 1256 3600 rel
1272 3535 1364 3613 vada,

926 3659 989 3724 Vel
1003 3658 1162 3724 verticoso
1176 3659 1304 3745 gurgite

925 3783 975 3849 Ne
989 3783 1197 3848 absorbeatur
1211 3783 1368 3869 protinus.

882 3904 1055 3970 'l'ironibus
1070 3903 1225 3967 Rolloous
1240 3915 1289 3967 eat

925 4023 1031 4111 AEqub
1045 4024 1222 4110 gemendus
1237 4025 1397 4101 omnibus,

926 4150 1075 4225 Quorum
1090 4146 1173 4211 muri
1185 4147 1220 4211 in
1236 4147 1425 4214 scholastico
1528 4180 1537 4201 ·

923 4273 1096 4338 Direxerat
1109 4293 1242 4337 cursum
1257 4270 1362 4336 modb.

883 4394 972 4469 Quot
986 4392 1004 4457 ὁ
1018 4393 1179 4480 profundo
1193 4392 1321 4480 gurgite

924 4515 1181 4603 sophisticorum
1196 4517 1383 4603 dogmatum

1146 4661 1170 4705 a
