4590 6024
887 767 1389 840 D.ROBERT1ROLLOCI.
1517 768 1524 783 '

670 1107 860 1174 Mannum
876 1107 1029 1174 ioecuuda
1043 1131 1197 1195 segesque
1211 1111 1376 1176 uberrima
1389 1110 1494 1178 laudis

711 1230 768 1295 Me
781 1230 914 1296 laudare
924 1230 1056 1316 jubent,
1073 1231 1327 1318 simplicitasque
1342 1245 1441 1298 vetat.

670 1355 706 1420 Si
720 1363 845 1420 taceam
860 1353 982 1430 leudes,
999 1352 1119 1438 ingrati
1133 1354 1285 1439 stigmate
1300 1355 1424 1433 inurar,

709 1478 822 1543 Hostis
836 1477 864 1542 si
879 1500 1029 1564 pangam,
1046 1477 1262 1562 simplicitatis
1277 1500 1342 1542 ero.

666 1604 807 1690 Impatcr
821 1602 873 1667 hic
888 1602 1009 1688 duplici
1024 1603 1099 1680 telo,
1116 1603 1172 1668 sed
1188 1613 1360 1690 utrumque
1375 1605 1532 1693 repellam
1544 1631 1553 1683 ς

710 1725 746 1791 Si
760 1735 868 1812 pateat
882 1725 996 1791 saltem
1011 1724 1227 1811 simplicitatis
1240 1727 1354 1791 honos.

665 1848 753 1913 Vicit
767 1848 853 1914 euim
869 1850 988 1913 multos
1003 1871 1124 1935 pernox
1139 1859 1172 1912 ct
1186 1848 1326 1935 perdius,
1341 1849 1400 1913 ille

708 1972 837 2059 Ingenii
851 1972 1000 2058 linquens
1015 1971 1151 2057 pignora
1164 1972 1262 2034 chara
1271 1956 1340 2034 sui.

663 2095 760 2170 Quod
774 2095 904 2159 meritas
917 2093 1048 2180 tempsit
1062 2091 1183 2170 laudes,
1201 2115 1236 2157 se
1250 2092 1381 2179 sprevit,
1397 2103 1431 2158 et
1446 2094 1535 2159 omui

707 2217 854 2283 Gloriola
868 2226 975 2304 spreta
988 2215 1092 2302 gloria
1105 2237 1180 2279 rara
1195 2237 1255 2280 sua
1269 2225 1328 2280 est.

662 2341 761 2419 Hinc,
776 2341 921 2418 Rcllocc,
938 2339 1057 2426 duplex
1071 2338 1186 2425 pennis
1201 2337 1337 2402 victoria
1351 2337 1476 2404 aucum

705 2462 847 2540 Plaudit,
863 2473 897 2528 et
911 2461 987 2527 hinc
1002 2461 1094 2526 lauro
1109 2460 1237 2546 duplice
1251 2459 1356 2545 fulget
1369 2482 1464 2547 apex.

662 2587 734 2653 Hac
747 2587 848 2673 igitur
861 2586 970 2673 palma
984 2585 1115 2671 duplici,
1132 2582 1277 2662 Rollcce,
1292 2583 1438 2670 potitus3

704 2711 819 2776 Ardua
833 2709 1013 2776 coeliccldm
1027 2708 1142 2774 limina
1156 2707 1286 2773 scandis
1301 2729 1414 2771 ovans.

1214 2829 1368 2897 Anisus
1383 2828 1654 2896 Auunuanmus.

874 3195 916 3258 Iu
931 3194 1092 3258 Rosunm
1109 3192 1267 3257 Rounom
1285 3212 1426 3258 sunaus

931 3317 1101 3381 Eccunsss
1116 3335 1248 3380 nassum
1265 3335 1376 3381 suem.

656 3442 836 3518 Recessim,
852 3437 997 3515 Rolloce,
1013 3447 1090 3501 tuus
1104 3459 1156 3501 me
1169 3436 1276 3502 tristia
1289 3437 1376 3523 cogit

698 3565 872 3630 Murmura
884 3561 921 3626 in
934 3572 1078 3627 extrema
1092 3559 1227 3624 fsmdere
1241 3561 1380 3637 canitie;

655 3690 700 3755 Et
714 3696 849 3755 renovat
862 3685 1033 3772 luctusque
1046 3706 1172 3770 gravcs,
1188 3694 1221 3748 et
1235 3682 1351 3748 funera
1364 3683 1481 3749 acerbe

697 3810 797 3889 Rolli,
813 3809 1025 3885 Arbuthuoti,
1042 3806 1264 3892 Smetoniique
1278 3817 1419 3893 patrum.

653 3932 886 4019 Hayorumquc
900 3928 1053 3992 Andreioe
1067 3927 1184 4003 obitus,
1200 3936 1233 3988 et
1247 3927 1314 3989 fata
1329 3923 1471 4010 Georgd:

694 4053 837 4138 Fataque
851 4051 885 4114 iu
900 4050 1000 4114 cduro
1013 4047 1168 4112 Louscuii
1182 4045 1288 4111 exilio.

653 4175 881 4259 Obductasque
895 4172 1071 4248 cicatrices,
1086 4181 1120 4235 et
1133 4170 1272 4234 vulnera
1285 4168 1395 4248 cruda,

695 4296 822 4363 Ultima
835 4317 907 4383 quse
922 4294 994 4359 telis
1009 4293 1149 4379 plurima
1162 4290 1353 4356 fectameis.

651 4420 775 4487 Verum
789 4418 972 4504 cuiquem
986 4413 1098 4500 segra?
1118 4437 1161 4478 an
1176 4412 1233 4500 qui
1246 4412 1327 4478 mihi
1341 4411 1478 4479 vulnera
1490 4410 1569 4479 fecit

695 4543 791 4609 Solus
802 4540 961 4608 Achillseo
975 4538 1089 4609 tollere
1103 4559 1192 4603 mors
1206 4546 1322 4625 potest.

1759 783 1801 842 'l'l
