4590 6024
1156 734 1416 805 EPITAPHIA

1245 952 1348 1018 Rssr.

739 1070 901 1135 Diasion
916 1070 971 1136 ille
985 1070 1049 1136 fnit
1063 1074 1167 1159 quiin
1182 1075 1254 1139 coeli
1267 1077 1374 1142 luceat
1388 1080 1482 1146 aule:

782 1193 870 1258 Luce
884 1193 945 1259 hee
959 1195 1063 1259 orbari
1081 1196 1208 1283 dignior
1222 1198 1308 1263 orbis
1322 1213 1401 1264 erat.

1231 1443 1365 1507 Anrun.

739 1565 970 1627 Ponnrsnns'r
984 1563 1086 1649 pietas
1100 1563 1129 1628 si
1142 1564 1253 1643 vitem,
1273 1565 1325 1630 hie
1341 1566 1452 1631 debuit
1466 1590 1578 1635 omnes

780 1685 935 1750 Mortales
951 1685 1063 1749 mortis
1077 1687 1268 1772 prseteriisse
1283 1709 1383 1752 mora.

739 1809 803 1875 Sed
817 1808 945 1895 quando
957 1808 1011 1872 hic
1026 1808 1105 1873 obiit
1120 1831 1257 1895 praecox,
1273 1808 1433 1875 discemus
1448 1822 1481 1877 et
1496 1834 1608 1878 omnes

780 1931 918 1996 Pertaesi
933 1931 1018 1997 hene
1033 1931 1134 1996 vitam
1149 1931 1322 2017 posthuma
1335 1931 1421 1997 secie
1435 1934 1533 2019 sequi.

1231 2181 1362 2244 Anun.

736 2303 910 2386 Prosper,
925 2323 1013 2378 voce,
1029 2323 1138 2379 manu,
1154 2323 1269 2367 verum
1281 2302 1346 2387 (vir
1360 2305 1483 2385 sancte)
1500 2304 1645 2381 solebas3

778 2427 823 2490 Et
837 2447 951 2489 verum
965 2424 1099 2489 extincti
1113 2447 1202 2490 nune
1216 2437 1427 2491 monuments
1441 2427 1565 2494 docent.

1230 2669 1362 2733 Anwn.

737 2796 816 2860 Hoc
830 2793 940 2881 procul
955 2792 977 2856 i
989 2790 1117 2855 tumulo
1131 2799 1313 2854 commenta
1327 2790 1474 2856 facessite
1488 2802 1601 2858 vatum
1615 2818 1622 2855 :

779 2916 866 2981 Vera
880 2916 930 2979 vir
944 2913 996 2978 hic
1011 2913 1115 2991 vivus,
1132 2935 1209 2978 vers
1222 2913 1368 3001 sepultus
1382 2925 1482 2979 amnt.

736 3039 831 3104 Vena
844 3047 931 3123 tegat
945 3036 1050 3101 fontes
1065 3036 1181 3101 fuestae
1195 3036 1301 3122 grstia
1314 3035 1409 3101 samse
1417 3059 1427 3113 3

780 3160 834 3224 Nil
851 3159 912 3224 sibi
925 3157 1039 3236 fucari,
1055 3158 1102 3222 nil
1116 3168 1190 3225 avet
1204 3157 1264 3223 iste
1279 3159 1356 3244 tegi.

737 3285 851 3349 Testor
866 3305 925 3368 ego
940 3281 1074 3347 extincti
1089 3303 1210 3359 menes,
1226 3282 1280 3368 pis
1294 3280 1429 3346 numine
1444 3292 1554 3362 testor,

781 3407 896 3472 Testor
910 3416 943 3471 et
956 3406 1097 3470 innocuo
1112 3404 1140 3469 si
1155 3404 1227 3492 quis
1241 3404 1373 3491 iniquus
1387 3415 1467 3471 eret.

738 3529 856 3594 Nullus
871 3529 900 3593 ei
914 3528 1069 3616 quaesitns
1084 3528 1196 3606 honos,
1212 3528 1377 3614 opulentis
1391 3528 1500 3592 nulla:

781 3650 892 3736 (Nunc
906 3650 1034 3736 quibus,
1051 3649 1125 3726 heu,
1142 3649 1243 3734 pietas
1256 3649 1400 3734 pestibus
1414 3671 1501 3733 oegrs
1510 3649 1626 3733 gemit)

740 3778 804 3839 Pro
819 3772 924 3839 Trieis
936 3770 1117 3859 Apinisque
1131 3770 1246 3835 hebuit
1260 3792 1374 3856 genus,
1390 3769 1482 3846 atris,
1498 3790 1650 3834 censumz

780 3897 848 3963 Res
862 3896 948 3975 vitoe,
964 3896 1006 3961 ad
1019 3893 1086 3960 voti
1101 3917 1184 3982 spes,
1200 3906 1290 3959 ratus
1306 3913 1375 3957 esse
1389 3890 1480 3957 nihil.

740 4022 812 4085 Stet
826 4019 921 4085 modi)
935 4018 1087 4104 majestas
1103 4016 1237 4083 Christo
1251 4038 1310 4080 sus
1324 4025 1420 4092 sarta,
1436 4015 1585 4101 salusque

783 4144 974 4208 Humanum
988 4142 1009 4206 i
1023 4139 1141 4228 Stygio
1158 4138 1300 4203 vindicet
1313 4137 1406 4202 hoste
1419 4160 1532 4223 genus.

738 4268 827 4352 Ergo
842 4289 952 4353 reapse
966 4265 1058 4330 bonis
1073 4263 1192 4341 crrltus,
1208 4262 1368 4348 probitate
1383 4261 1525 4326 remissis

782 4389 915 4466 Gratus,
932 4399 965 4453 et
978 4387 1120 4474 indignis
1134 4387 1275 4473 denique
1290 4385 1393 4450 mirus
1408 4395 1488 4450 erat.

739 4511 833 4575 Nune
848 4511 948 4574 vitem
961 4509 1045 4574 hane
1060 4519 1205 4574 ssnetsm
1220 4507 1345 4594 requies
1360 4519 1428 4572 tam
1443 4517 1554 4573 sancte
1567 4519 1710 4583 coronet,

783 4632 907 4720 Sydera
921 4641 987 4697 tem
1003 4628 1092 4697 esrtsi
1106 4652 1195 4696 nune
1207 4629 1373 4694 redivivus
1387 4629 1504 4695 habet:
